3600 5734
438 553 485 606 170
826 547 967 596 ΕΡλΙΕΙΟΥ
986 548 1184 598 ΦΙΛΟΣΟΦΟΥ

340 715 406 783 11531
438 707 499 778 ἣτις
520 705 672 770 οόσιοποιός
693 706 758 778 ἐστι,
782 704 951 784 διακρίνουσα
970 706 1017 770 τὰς
1039 706 1128 787 ψυχάς
1147 704 1194 761 ἀπ’
1216 703 1360 780 ἀλλήλων,
1381 707 1425 762 καί
1442 701 1488 770 τάς
1516 707 1571 780 μέν

438 805 576 886 οόρανίας,
593 805 639 870 τὰς
652 804 681 862 δὲ
693 801 846 880 δαιμονίας,
859 804 908 869 τάς
923 801 952 860 δε
964 804 1132 882 ἀνθρωπικὰς
1146 810 1273 876 ποιοῦσα,
1290 803 1349 874 ἥτις
1367 803 1404 868 είς
1419 804 1515 861 ταύτὸν
1532 809 1569 879 τῇ

437 903 498 962 κατ’
513 903 603 961 οόσίαν
621 902 759 980 έτερότητι
779 907 835 958 τῶν
855 905 953 982 ψυχῶν
975 901 1123 982 συντρέχει.
1149 902 1264 980 Δευτέρα
1283 899 1307 958 δ’
1325 899 1380 958 ἔστί
1399 903 1484 981 κρίσις
1498 902 1569 973 ἥτις

437 1007 474 1080 τῷ
489 1001 576 1059 λέίνωι
589 1002 635 1058 καί
651 999 825 1076 Ῥαδαμάνθυι
840 1001 885 1056 καί
898 1005 956 1065 τοῖς
968 1000 995 1057 ἐν
1011 999 1103 1075 ἐκείνῳ
1116 1005 1154 1078 τῷ
1172 1000 1249 1074 τόπῳ
1264 997 1402 1064 δικασταῖς
1415 1006 1471 1065 τοῖς
1485 999 1513 1057 έν
1529 1005 1568 1076 τῇ

392 1109 406 1156 5
437 1098 545 1180 τριόδῳ,
569 1099 687 1156 τουτέστι
705 1103 743 1176 τῷ
765 1098 896 1178 ρόσμστι,
920 1099 1048 1170 σίνεστιν,
1070 1102 1088 1169 ί,
1109 1097 1281 1176 διακρίνουσα
1299 1095 1346 1161 τάς
1369 1099 1486 1178 καθαρὰς
1504 1104 1569 1154 τῶν

438 1202 536 1279 ψυχῶν
550 1197 603 1254 ἀπὸ
616 1201 672 1254 τῶν
685 1196 857 1276 ἀκαθάρτων,
873 1197 918 1252 καί
932 1195 979 1260 τάς
996 1197 1046 1272 μὲν
1064 1197 1102 1261 είς
1125 1197 1248 1276 οὐρανόν,
1264 1198 1311 1259 τάς
1332 1193 1361 1252 δὲ
1380 1195 1426 1259 εἷς
1445 1196 1482 1251 τά
1501 1197 1568 1252 ὑπὸ

439 1305 501 1375 γῆν
520 1295 736 1374 δικαιωτήρια
754 1295 897 1369 πέμπουσα
915 1295 1169 1374 καθαρθησομένας,
1190 1295 1249 1374 περί
1268 1299 1302 1366 ἧς
1325 1299 1371 1350 νῦν
1393 1291 1565 1373 διαλέγεται.

439 1499 517 1557 θεοῖς
532 1497 656 1564 συνοῦσα,
669 1491 731 1562 ἥτις
745 1492 922 1572 ἀποκαθαίρει
936 1491 984 1556 τὰς
1000 1491 1030 1548 έκ
1043 1499 1094 1562 τῆς
1107 1491 1241 1570 γενέσεως
1257 1489 1372 1562 κηλίδας
1387 1495 1441 1548 τῶν
1454 1495 1566 1572 ψυχῶν,

376 1596 408 1649 10
438 1593 483 1648 καὶ
500 1591 530 1647 τὸ
549 1588 696 1670 ἀλλότριον
714 1589 767 1646 ἀπὸ
785 1596 833 1646 τοῶ
850 1589 952 1649 οἰκείου
968 1595 1024 1646 τῶν
1039 1593 1136 1672 ψυχῶν
1154 1589 1324 1669 διακρίνουσα
1337 1591 1455 1670 καθαράν
1472 1589 1566 1646 αὐτῶν

440 1691 492 1762 τὴν
512 1689 606 1746 οὐσίαν
624 1694 707 1747 ποιεῖ.
731 1689 796 1768 Περί
814 1697 864 1761 τῆς
884 1690 968 1766 μέσης
986 1686 1033 1745 οὗν
1051 1687 1166 1766 κρίσεως
1183 1688 1299 1745 ἐνταῦθα
1319 1685 1483 1766 διαλέγεται,
1501 1691 1565 1758 ἣτις

438 1785 488 1850 τὰς
511 1786 560 1860 μὲν
583 1787 619 1850 είς
640 1785 761 1864 οὐρανόν,
784 1785 831 1850 τάς
853 1783 881 1842 δὲ
903 1783 950 1850 είς
972 1785 1011 1841 τά
1035 1786 1095 1842 ὑπὸ
1119 1793 1182 1863 γῆν
1207 1783 1427 1864 δικαιωτήρια
1451 1783 1564 1859 πέμπει·

442 1884 509 1959 μετὰ
526 1883 553 1942 δὶ
574 1885 625 1954 τὴν
645 1885 733 1963 κρίσιν
755 1887 773 1955 ἡ
796 1884 864 1956 Δίκη
883 1885 913 1940 τὸ
932 1881 991 1940 κατ’
1011 1877 1088 1950 ἀξίαν
1108 1884 1231 1949 έκάσταις
1250 1884 1389 1960 ἀπονέμει,
1405 1891 1456 1954 τῆς
1479 1883 1564 1954 Δίκης

442 1982 544 2061 ἰσαχῶς
559 1985 594 2056 τῇ
609 1981 694 2060 κρίσει
710 1977 875 2058 λεγομένης.

378 2145 409 2195 15
482 2135 539 2212 μζ’.
562 2135 658 2194 Ἔνθα
679 2135 733 2192 καί
757 2137 804 2200 είς
826 2138 948 2217 θηρίου
973 2137 1059 2214 βίον]
1082 2137 1141 2196 249
1164 2137 1199 2195 Β.

481 2275 541 2336 Ὀτι
562 2281 580 2352 ἦ
602 2277 744 2360 ἀνθρώπου
764 2280 840 2360 ψυχὴ
863 2278 913 2335 οὐκ
933 2277 1062 2336 είσδίεται
1083 2279 1122 2343 είς
1142 2279 1172 2335 τὸ
1193 2282 1308 2358 θήρειον
1328 2285 1409 2354 σῶμα
1430 2276 1565 2344 πολλάκις

441 2373 549 2457 είρηται
571 2379 651 2454 ἡμῖν’
677 2375 741 2434 ἀλλ’
766 2377 806 2434 ότι
829 2381 862 2452 τῇ
887 2377 983 2456 ἀλόγῳ
1007 2379 1083 2458 ψυχῇ
1106 2383 1153 2433 τοῦ
1177 2376 1278 2458 θηρίου
1302 2378 1522 2436 συνεπιπλίκεται
1544 2381 1562 2449 ί,

440 2475 537 2554 λογικὴ
552 2479 571 2547 ἡ
585 2482 633 2533 τοῦ
648 2474 801 2556 ἀνθρώπου,
819 2477 865 2532 καί
884 2476 972 2540 οθτως
992 2473 1050 2550 μετ’
1069 2475 1215 2532 αὐτοῦτοῦ
1235 2477 1338 2554 θηρίου
1357 2474 1432 2534 δοκεῖ
1445 2477 1475 2533 ἓν
1495 2479 1563 2554 ζῷον

441 2573 628 2654 συμπληροῦν.
649 2573 785 2646 Ζητητέον
805 2571 833 2630 δὲ
851 2579 912 2638 πῶς
932 2574 1006 2631 εἶπεν
1027 2571 1053 2630 ἐν
1073 2579 1108 2650 τῇ
1125 2571 1234 2652 δευτέρα
1252 2573 1352 2653 αἱρέσει
1369 2579 1417 2630 τοῦ
1432 2573 1506 2650 βίου,
1523 2572 1563 2629 ότι

378 2678 410 2728 20
440 2670 485 2728 καί
502 2671 531 2727 ἐκ
544 2670 669 2750 θηρίου
682 2669 781 2728 πάλιν
798 2671 844 2736 είς
860 2671 1031 2750 ἄνθρωπον
1045 2668 1169 2727 είσεισιν·
1185 2670 1216 2727 οὐ
1229 2671 1281 2749 γὰρ
1294 2676 1404 2750 πρῶτον
1418 2672 1452 2742 ἦν
1465 2670 1564 2751 θηρίον

441 2769 586 2847 γενομένη·
607 2767 630 2826 εί
649 2768 700 2849 γάρ
721 2769 752 2827 έκ
768 2775 817 2826 τοῦ
836 2777 937 2841 νοητοῦ
959 2768 1128 2826 κατελθοῦσα
1147 2769 1195 2824 τὸν
1213 2773 1324 2847 πρῶτον
1345 2769 1405 2846 βίον
1427 2765 1565 2848 ’ἀνθρωπον

345 2875 425 2940 ρ.154
441 2875 526 2940 ποιεῖ,
540 2866 722 2939 τελευτήσασα
737 2866 766 2924 δὲ
780 2870 824 2925 καί
843 2868 882 2932 είς
901 2867 1066 2948 κλήροισιν
1089 2866 1094 2946 Ι
1117 2864 1230 2924 ἐλθοῦσα
1250 2864 1406 2946 δευτέρου
1426 2865 1501 2944 βίου
1520 2870 1563 2924 σί-

443 2972 531 3046 ρεῑται
549 2966 587 3022 όν
603 2963 641 3022 ἀν
660 2964 766 3042 έθὲλη,
786 2971 845 3031 πῶς
866 2965 899 3022 έκ
919 2966 1039 3046 θηρίου
1059 2966 1105 3029 είς
1124 2963 1295 3044 ἀνθρωπον
1314 2963 1441 3038 είσεισιν;
1464 2965 1564 3047 οὐγὰρ

441 3066 476 3135 ἦν
500 3062 527 3120 έν
549 3068 586 3142 τῷ
608 3063 710 3143 πρώτῳ
733 3063 787 3140 βίῳ
810 3064 909 3142 θηρίον
931 3063 1075 3142 γενομένη,
1099 3059 1164 3119 ἀλλ’
1185 3061 1335 3142 ἀνθρωπος.
1356 3069 1440 3120 Τοῦτο
1465 3062 1511 3120 οὖν
1531 3065 1563 3119 τὸ

380 3168 410 3219 25
443 3161 544 3242 δίπορον
564 3162 637 3218 οὕτω
661 3159 836 3236 διαλόσομεν·
860 3161 1014 3238 δεύτερον
1039 3161 1113 3238 βίον
1135 3160 1231 3224 ἁπλῶς
1253 3161 1356 3224 πάντας
1380 3155 1475 3242 ίῳεξῆς
1500 3161 1562 3225 τοίας

411 3257 414 3264 ’
442 3261 512 3336 μετά
538 3260 585 3317 τὸν
608 3265 716 3339 πρῶτον
740 3259 921 3334 ἀκουσόμεθα,
945 3261 988 3315 ’ἱνα
1010 3259 1055 3315 καί
1080 3260 1095 3314 ό
1119 3255 1243 3338 δεύτερος
1267 3260 1314 3315 καί
1337 3261 1351 3314 ὁ
1373 3261 1464 3338 τρίτος
1483 3261 1528 3315 καὶ
1549 3260 1563 3314 ό

441 3359 567 3438 τέταρτος
580 3359 625 3414 καὶ
639 3359 665 3414 οί
681 3351 777 3436 ἐφεξῆς
792 3357 886 3421 πάντες
898 3355 1022 3436 δεύτερος
1037 3356 1188 3414 καλῶνται·
1206 3355 1278 3413 οίίτω
1292 3357 1342 3436 γάρ
1357 3355 1383 3413 ἐν
1397 3363 1455 3421 τοῖς
1469 3349 1566 3437 ἑφεξῆς

441 3457 487 3514 καί
504 3456 623 3519 πολλοῖς
640 3455 712 3532 βίοις
730 3453 839 3513 δίναται
855 3457 901 3512 καὶ
922 3455 955 3512 ἐκ
973 3454 1098 3533 θηρίου
1118 3455 1163 3519 είς
1181 3451 1354 3533 ἄνθρωπον
1375 3456 1493 3514 εἰσιέναι.
1510 3455 1566 3510 Ἔτι

442 3553 470 3611 δὲ
488 3554 533 3610 καί
551 3554 623 3610 οὕτω
642 3557 676 3628 τῇ
697 3551 846 3630 ἀναγνώσει
872 3549 1033 3627 διαλύσομεν
1055 3553 1086 3608 τὸ
1108 3549 1220 3631 ἄπορον·
1247 3551 1324 3628 ἑντῇ
1345 3549 1463 3632 δευτέρᾳ,
1486 3553 1562 3632 ρηαῖ,

381 3659 412 3710 θθ
443 3652 626 3734 διακληρῶσει
644 3659 692 3709 τοῦ
713 3654 776 3731 βίου
794 3649 870 3710 ἔνθα
890 3655 945 3710 καὶ
967 3653 1015 3720 είς
1037 3654 1157 3734 θηρίου
1181 3655 1254 3733 βίον
1273 3655 1459 3736 ἀνθρωπίνη
1479 3657 1563 3735 ψυχὴ

443 3753 642 3832 ἀφικνεῖται·
663 3748 798 3819 στίξαντες
819 3749 865 3810 οὗν
887 3749 968 3832 μέχρι
986 3751 1082 3809 τούτου
1102 3751 1210 3811 τελείαν
1229 3753 1274 3808 καί
1295 3752 1513 3827 ἀναπαυσάμενοι
1531 3755 1563 3826 τῇ

439 4004 445 4014 ν
475 3976 505 4028 16
522 3973 642 4036 πολλάκις
653 3974 708 4036 162,
723 3974 767 4040 25;
785 3975 837 4033 161,
854 3977 868 4025 5

462 4094 537 4232 εΤψΤ
548 4095 584 4184 16
600 4097 716 4217 σχμαίνει
736 4094 772 4146 ὃτι
789 4098 805 4158 ἡ
824 4093 957 4162 ἀνθρώπου
973 4093 1044 4163 ψυχὴ
1065 4094 1111 4147 οὐκ
1129 4093 1252 4148 εἰσδύεται
1271 4098 1305 4156 είς
1325 4097 1422 4164 θήρειον
1435 4097 1506 4157 leod.
1521 4099 1564 4160 θη-

446 4187 458 4234 ρ
471 4187 498 4220 σν
525 4185 600 4232 σωμσι

478 4281 525 4332 ΝΟ
545 4282 559 4331 1
579 4281 698 4339 οὐσιοπός
719 4280 748 4330 Μ
769 4295 781 4326 ιι
801 4291 870 4328 num
891 4278 1062 4338 ου’σιοποιόςθ
1081 4297 1093 4326 ν
1114 4283 1172 4330 Am·
1235 4281 1287 4331 θθ“
1303 4281 1354 4332 ’ἐστι
1368 4283 1403 4340 Α,
1422 4283 1443 4332 θ’
1463 4295 1518 4330 om.
1537 4281 1563 4329 M

507 4353 522 4401 7
539 4352 596 4418 γῆν]
610 4360 654 4417 γῆς
672 4351 743 4404 Plan.
806 4351 822 4400 8
836 4349 899 4416 έστι]
910 4353 1006 4416 λέγεται
1020 4354 1057 4400 Α·
1121 4350 1146 4416 ἡ]
1159 4355 1183 4403 οί
1193 4351 1241 4401 ΑΕ
1304 4353 1320 4402 9
1335 4360 1384 4402 τῶν
1403 4353 1525 4417 γενέσεων
1537 4353 1563 4400 Μ

507 4420 725 4487 12εά1τάςθυίθ
738 4427 825 4472 mm
889 4421 919 4471 13
936 4420 1034 4474 ἑκάστω
1049 4423 1109 4483 (sio)
1125 4426 1162 4472 A·
1223 4423 1254 4473 15
1271 4423 1337 4484 ἔνθα,
1352 4423 1377 4472 ’ἐν
1392 4422 1503 4472 rubr.A

447 4495 503 4558 βίου
522 4493 591 4544 Plan.
609 4492 709 4544 00d.}3
774 4493 804 4542 16
819 4493 847 4543 τὸ
863 4505 918 4542 om.
935 4493 964 4542 M
1028 4493 1059 4543 19
1076 4497 1234 4560 συνπληροῦν
1253 4497 1290 4542 A·
1353 4493 1385 4543 2θ
1401 4495 1443 4543 καί
1463 4489 1520 4542 ουκ
1536 4493 1564 4541 Μ

509 4563 538 4614 21
559 4563 699 4630 ἄνθρωπον]
722 4563 855 4630 ἀνθρώπου
875 4565 932 4614 Αστ
994 4563 1025 4616 22
1044 4560 1157 4632 δεύτερον
1180 4567 1233 4630 βίον
1257 4565 1285 4613 Μ
1349 4563 1380 4614 23
1399 4567 1469 4637 έθέλη
1485 4564 1565 4614 etiam

450 4634 548 4686 Euseb.
566 4651 572 4683 ι
593 4638 650 4710 θέλη
671 4635 741 4685 Plan.
763 4633 843 4684 codd.
907 4635 938 4684 25
959 4631 1120 4700 διαλύσομεν]
1144 4631 1263 4686 θιαλίσον
1282 4639 1304 4684 Α
1326 4635 1384 4696 (lin.
1406 4630 1510 4684 θιαλθαο
1532 4637 1565 4695 Α,

449 4705 499 4757 litt.
515 4725 527 4756 ν
544 4709 572 4768 κ)
634 4705 662 4754 31
682 4708 767 4758 τελέαν
785 4709 811 4757 Μ
1555 4725 1558 4728 ·
