3538 5686
658 493 910 542 mmmm
1318 517 1345 552 u

230 647 397 732 divinasque
425 668 554 714 catenas
584 657 793 716 inuris-:nero
822 675 851 717 et
882 681 963 739 sap-r
993 661 1150 720 Pur-:em
1178 667 1343 722 §mundum

230 755 497 841 Pseudo-Orphica
513 763 555 820 sit
571 763 812 842 interpretatus.

261 863 350 924 immo
376 869 504 927 maximi
527 871 677 928 momenti
700 885 785 932 suut.
802 873 927 950 opiztr.
944 894 1011 950 qu
1033 876 1070 930 de
1094 877 1248 932 rac-:nullis
1271 875 1344 934 Pla·

225 970 322 1030 tonicae
336 973 489 1033 doctrine
510 976 747 1034 difficultatibus
768 979 918 1056 dispmt,
942 994 971 1036 et
995 983 1165 1057 prtwrt‘m
1185 985 1223 1040 de
1246 985 1345 1041 anima

223 1078 389 1140 immortali.
419 1081 565 1160 Namque
590 1083 634 1140 ibi
656 1085 695 1141 de
723 1086 835 1141 mdis
862 1087 1002 1142 ter-aitis
1028 1089 1141 1163 agitur.
1177 1089 1206 1145 in
1230 1091 1342 1167 quibus

222 1189 419 1262 inveniendis,
436 1211 478 1249 ne
493 1212 638 1250 seorsum
652 1189 740 1250 Deus
749 1205 779 1249 et
791 1195 925 1250 mundus
936 1209 1105 1268 manerent,
1117 1215 1236 1252 omnem
1249 1197 1342 1253 luisse

220 1302 327 1360 scimus
342 1303 416 1360 inde
431 1300 594 1360 al’latone
606 1303 868 1380 pbilosophorum
891 1302 945 1380 q:i
969 1324 1037 1360 eom
1065 1307 1272 1381 sequebantur
1292 1325 1340 1361 co-

218 1421 326 1468 natum.
345 1409 380 1468 ln
396 1409 466 1468 Deo
486 1409 570 1467 enim
593 1408 656 1474 (vel
674 1408 766 1466 [utet
791 1411 873 1466 nulla
896 1412 926 1466 in
951 1411 981 1466 id
1004 1413 1086 1488 quod
1109 1425 1193 1467 extra
1214 1432 1281 1468 eum
1302 1411 1342 1470 sit

217 1518 301 1592 aelio,
318 1517 414 1590 nulla,
429 1533 463 1576 111
480 1517 587 1576 Kantii
601 1519 709 1575 verbis
725 1533 806 1580 utar,
824 1521 1035 1586 termnum,
1056 1519 1158 1576 nullus
1177 1519 1339 1599 temporis,

216 1624 314 1683 nullus
340 1624 401 1683 loci
431 1638 624 1704 respectus:
652 1625 759 1681 nullus
792 1625 889 1702 igitur
913 1639 1026 1692 motus,
1054 1625 1185 1702 ideoque
1212 1625 1340 1696 hire-:oo

215 1744 349 1790 vocatur.
375 1731 410 1790 ln
437 1731 555 1789 mundo
582 1745 686 1789 autem
714 1731 998 1809 phaenomenorum,
1023 1751 1154 1808 quorum
1169 1731 1250 1789 aliud
1265 1732 1339 1810 quid

214 1858 301 1898 causa
321 1853 382 1910 est,
395 1839 578 1898 necessario
589 1840 693 1896 omnia
708 1853 881 1902 morentur.
899 1840 954 1896 sed
970 1859 1031 1895 non
1047 1851 1157 1917 sponte
1167 1851 1336 1912 morentur,

213 1944 344 2026 ideoque
385 1947 733 2025 vocaturi-,Quinum
751 1945 826 2019 Qua
850 1947 941 2024 quasi
965 1949 1048 2004 {ossa
1076 1948 1157 2004 inter
1179 1946 1282 2009 Deum
1308 1963 1338 2007 et

212 2055 357 2113 mundum
376 2055 557 2114 necessaria
583 2075 655 2111 esse
670 2054 868 2133 philosophis
903 2054 968 2111 risa
997 2066 1073 2117 erat,
1096 2074 1177 2122 cum,
1193 2055 1245 2112 ubi
1269 2076 1336 2114 cum

212 2157 370 2220 Heraclito
385 2161 490 2220 omnia
506 2161 603 2218 fluere
628 2162 771 2217 arbitrati
799 2173 916 2230 essent,
939 2161 1015 2216 nihil
1041 2181 1099 2239 pro
1112 2174 1197 2218 certo
1225 2161 1336 2222 babere

211 2284 316 2330 essent
344 2271 456 2330 coacti.
490 2269 648 2328 Sericum
682 2290 763 2326 nuuc
802 2269 888 2327 Deus
915 2268 1134 2327 Aristotelicus
1157 2269 1208 2329 ille
1237 2291 1336 2350 neque

210 2381 361 2439 mundum
390 2398 493 2458 neque
523 2399 557 2437 se
582 2379 685 2457 ipsum
711 2391 830 2434 moveat
852 2382 933 2442 lnam
963 2396 1042 2433 nnus
1070 2390 1100 2434 et
1125 2389 1257 2437 aternus
1276 2392 1334 2450 est,

208 2507 308 2567 neque
325 2500 433 2566 partes
456 2485 560 2556 habet,
588 2505 689 2562 neque
718 2485 869 2562 temporis
891 2497 921 2540 et
945 2483 1004 2541 loci
1026 2485 1168 2542 notiones
1196 2487 1335 2566 recipere

206 2586 338 2664 potest),
354 2587 396 2644 ita
418 2585 566 2644 diversus
590 2585 752 2643 efficitur:
778 2587 905 2658 mundo,
929 2597 962 2641 ut
976 2605 1048 2642 vere
1071 2587 1245 2646 contrarius
1273 2589 1334 2648 dici

204 2695 322 2774 possit.
348 2693 527 2752 Secundum
550 2693 653 2772 ipsum
678 2693 775 2771 igitur
800 2689 999 2750 Aristotelem
1028 2705 1149 2771 oportet
1177 2693 1259 2753 inter
1283 2695 1334 2756 illa

205 2801 379 2875 contraria,
393 2800 477 2859 velut
506 2801 589 2858 inter
609 2800 721 2862 omnia.
751 2799 885 2856 medium
907 2797 1024 2876 aliquid
1048 2819 1128 2871 esse,
1147 2801 1230 2878 quod
1255 2803 1334 2865 sicut

204 2911 235 2967 τὸ
249 2909 443 2990 imponive-ov
459 2909 646 2976 movebitur,
661 2928 722 2965 non
734 2921 835 2965 tamen
851 2908 888 2963 ab
901 2906 972 2975 alio,
985 2909 1130 2986 quodque
1143 2909 1224 2969 sicut
1233 2912 1264 2967 τὸ
1277 2911 1333 2970 ἀκί-

203 3041 286 3090 νητον
303 3017 457 3075 causasui
483 3016 554 3086 erit,
583 3035 684 3093 neque
704 3027 805 3071 tamen
830 3013 962 3070 manebit
982 3013 1169 3073 immobilis:
1189 3032 1332 3098 propter-

202 3144 303 3204 eaque
320 3122 483 3181 vocabitur
502 3121 579 3180 illud
595 3121 773 3190 rivos-{mov
790 3121 855 3176 sire
870 3120 979 3178 anima.
998 3120 1104 3200 Neque
1120 3123 1147 3180 is
1162 3145 1330 3204 puerorum

202 3236 251 3294 vel
267 3233 554 3294 Alexandrinorum
573 3232 666 3291 ludus
682 3255 690 3288 ι
707 3250 776 3289 nam
791 3229 818 3288 si
833 3244 916 3288 recte
936 3230 1111 3310 inspexeris
1130 3254 1330 3318 quacumque

202 3343 297 3401 etiam
320 3361 401 3399 nune
422 3341 584 3400 disserunt
605 3338 785 3418 philosophi
806 3352 954 3394 conantes
974 3337 1154 3420 intellegere
1175 3347 1331 3422 quomodo

201 3448 329 3528 aliquid
341 3448 424 3506 inter
431 3446 632 3505 aeternitatem
644 3459 674 3504 et
688 3457 823 3523 tempus,
836 3444 918 3503 inter
938 3459 1051 3504 motum
1068 3461 1096 3505 et
1107 3450 1241 3527 quietem
1257 3474 1327 3514 esse

199 3556 321 3635 possit,
333 3554 382 3612 vel
396 3553 471 3633 quid
486 3552 527 3611 sit
542 3552 675 3610 liberum
690 3551 864 3626 arbitrium,
877 3550 964 3608 lavile
979 3553 1061 3632 apud
1072 3573 1179 3616 omnes
1190 3559 1329 3622 invenies

199 3663 325 3741 aliquid
336 3661 420 3740 quod
434 3665 472 3738 τῷ
487 3659 657 3732 αὐτοκινήτῳ
668 3672 715 3717 est
726 3658 927 3730 simillimum,
940 3680 1008 3718 cum
1019 3666 1244 3727 contrariorum
1257 3689 1329 3748 pro-

199 3770 356 3852 prietates
371 3769 403 3828 in
415 3789 448 3828 se
464 3769 557 3827 simul
582 3769 737 3846 praeierat.
761 3765 823 3825 Sed
849 3787 929 3840 cum,
950 3769 1022 3828 dum
1038 3769 1103 3832 Ens
1118 3795 1136 3833 a
1160 3776 1328 3841 Non-Ente

200 3895 354 3956 separare
368 3874 488 3944 volunt,
505 3875 548 3933 ita
560 3875 591 3934 id
606 3873 714 3955 quavis
730 3873 876 3953 qualitate
892 3876 1111 3954 spoliavissent
1125 3896 1156 3943 ut
1171 3905 1209 3943 ne
1226 3888 1328 3947 nomi-

201 4006 279 4044 nare
299 3985 423 4063 quidem
438 3998 569 4066 possent
585 3984 681 4062 (sicut
698 3983 785 4042 Plato
801 3985 832 4042 in
856 3989 1036 4044 Parmenide
1052 3991 1187 4074 latetur),
1217 4017 1327 4060 rursus

200 4115 274 4154 curu
291 4091 459 4151 Non-linte
474 4105 597 4172 poterat
616 4091 763 4151 conlundi
779 4115 785 4149 :
804 4113 871 4151 nam
893 4096 1061 4156 secundum
1078 4104 1217 4162 eumdem
1254 4104 1327 4166 Pla-

200 4209 311 4255 tonem
326 4207 356 4253 et
371 4195 492 4254 Bonum
508 4195 610 4274 ipsum
626 4208 656 4254 et
667 4195 779 4254 Malunt
796 4195 897 4275 ipsum
913 4199 1001 4276 quasi
1026 4201 1205 4267 Non-Entia
1233 4229 1325 4292 appa·

170 4361 174 4368 ,
200 4315 274 4361 rent
293 4324 300 4358 :
317 4303 519 4380 quodomnes
547 4315 656 4381 postea
677 4302 798 4361 Platoni
821 4307 1059 4384 exprobrabant.
1088 4311 1202 4374 Noster
1224 4331 1324 4382 autem

201 4406 351 4467 Hermias
367 4427 428 4466 non
444 4408 511 4466 sine
526 4409 658 4486 quodam
680 4409 818 4468 acumine
834 4411 909 4490 quid
924 4413 967 4473 ibi
981 4417 1110 4476 arduum
1131 4437 1214 4483 esset
1234 4426 1322 4500 vidit,

199 4513 300 4572 idest
324 4515 480 4592 quomodo
517 4515 599 4572 inter
620 4515 682 4573 duo
712 4515 960 4580 illaNon-Entia
982 4521 1155 4594 differentia
1185 4534 1321 4610 quaedam

199 4619 337 4680 inveniri
352 4632 461 4698 posset
477 4643 484 4677 :
502 4639 593 4699 quam
617 4620 687 4700 ipso
706 4627 745 4696 τῷ
763 4621 933 4699 αὐτοκινήτῳ
956 4627 1142 4692 obtinemus.
1169 4633 1244 4697 Nam
1270 4643 1322 4702 ubi
