3660 5686
509 613 563 663 ΕΙΣ
585 613 646 664 TON
670 610 843 662 ΠΛΑΤΩΝΟΣ
866 609 1008 660 ΦΑΙΔΡΟΝ
1032 611 1152 661 Σλθλῖλ
1362 624 1394 674 39

173 773 244 840 [106]
315 767 361 830 Τίς
377 764 423 822 οῦν
438 765 535 838 έκάστη
555 771 608 822 τῶν
625 768 729 839 μανιῶν
747 761 843 820 λοιπὸν
862 760 900 820 δεῖ
919 757 1067 824 διαλαθεῖν.
1089 765 1219 844 Πρότερον
1236 763 1265 822 δέ
1284 763 1394 823 διαστει-

273 866 386 940 λώμεθα
404 865 445 922 δ’τι
465 864 547 922 ἀλλαι
568 864 616 939 μέν
636 865 699 922 εἶσιν
717 864 744 919 αῖ
764 860 836 923 ένδον
854 863 899 918 καῖ
919 861 960 918 ἐπ’
980 862 1061 934 αὐτῆς
1082 871 1131 934 τῆς
1149 868 1239 944 ψυχῆς
1258 865 1394 944 ὁρώμεναι

272 964 317 1019 καὶ
337 963 418 1034 αὐτὴν
435 966 485 1034 τὴν
504 965 595 1042 ψυχὴν
612 961 774 1032 τελειοῦσαι,
797 958 879 1016 ἁλλαι
897 957 926 1016 δέ
943 961 970 1016 αῖ
985 953 1036 1024 ἔξω
1052 961 1134 1032 αῦτῆς
1150 960 1277 1041 ἐνέργειαι
1290 965 1334 1020 καὶ
1347 965 1394 1020 τὸν

273 1055 325 1126 ἐξω
347 1059 485 1140 ἀνθρωπον
508 1062 553 1118 καὶ
571 1062 621 1131 τὴν
644 1060 720 1140 ρῦσιν
741 1062 821 1134 ἡμῶν
845 1059 987 1133 πιέζουσαι.
1014 1057 1173 1136 Ἀναλογῖαν
1192 1058 1219 1117 δέ
1239 1059 1346 1141 ἔχουσιν
1366 1065 1394 1119 αῖ

225 1171 242 1217 5
273 1157 326 1226 ἔξω
344 1161 467 1240 τέσσαρες
487 1160 553 1238 πρὸς
572 1159 620 1223 τάς
639 1155 714 1216 ἐνδον
733 1159 874 1236 τέσσαρας.
897 1152 1030 1231 λάθοιμεν
1050 1155 1096 1214 οῦν
1113 1159 1243 1238 πρότερον
1258 1159 1307 1224 τὰς
1322 1159 1395 1217 ἔνδον

272 1261 317 1315 καὶ
332 1257 372 1314 ἐπ’
388 1259 472 1329 αὐτῆς
488 1266 536 1329 τῆς
551 1262 642 1337 ψυχῆς
662 1257 755 1331 μόνας,
776 1258 821 1312 καὶ
837 1253 940 1329 ἴδωμεν
953 1254 979 1310 τέ
995 1253 1092 1334 δρῶσιν
1108 1257 1144 1321 εἰς
1160 1257 1211 1327 τὴν
1226 1260 1328 1340 ψυχήν·
1349 1260 1394 1315 καὶ

271 1357 318 1413 ῖνα
336 1362 414 1413 τοῦτο
435 1357 516 1436 σαρές
535 1355 647 1434 γένηται
663 1357 708 1412 καῖ
729 1354 756 1412 έν
775 1353 848 1420 τάΕει
868 1355 1018 1434 ληφθῶσιν,
1035 1353 1139 1412 ἀνωθεν
1155 1359 1205 1427 τὴν
1219 1355 1333 1416 κάθυδον
1348 1359 1394 1415 καὶ

272 1456 499 1535 πτερόρροσιν,
521 1456 559 1518 ὡς
578 1454 658 1518 αῦτὸς
679 1475 756 1533 φησι,
777 1461 826 1524 τῆς
847 1457 938 1532 ψυχῆς
960 1455 1156 1532 Βεωρήσωμεν.
1175 1447 1217 1518 Ἐξ
1236 1455 1325 1536 ἀρχῆς
1346 1456 1395 1530 μέν

273 1551 318 1609 οῦν
333 1553 378 1609 καὶ
393 1559 500 1632 πρῶτον
516 1551 607 1622 ἥνωτο
623 1558 680 1616 τοῖς
695 1556 773 1615 Ξιεοῖς
788 1554 806 1621 έ,
823 1553 910 1630 ψυχὴ,
926 1551 1015 1607 καὶτὸ
1031 1551 1059 1608 ἐν
1076 1551 1158 1622 αὐτῆς
1176 1551 1263 1610 ἐκεῖνο
1278 1561 1395 1624 συνῆπτο

204 1656 240 1706 10
270 1659 327 1714 τοῖς
339 1657 425 1716 Ξιεοῖς.
438 1650 502 1707 Εῖτα
517 1650 655 1708 ἀποστᾶσα
668 1651 770 1721 ταύτης
783 1657 832 1720 τῆς
849 1649 928 1713 Βεῖας
944 1648 1065 1714 ένιέισεως
1080 1648 1214 1722 κατῆλθεν
1226 1651 1261 1714 εἰς
1276 1656 1337 1708 νοῦν
1350 1652 1395 1710 καὶ

271 1750 359 1807 οῦκέτι
376 1749 526 1824 ἡνωμένως
546 1749 591 1805 καλΙ
608 1748 635 1805 έν
648 1750 686 1805 ένῖ
704 1748 764 1828 εἶχε
778 1749 811 1804 τὰ
827 1745 902 1817 ἀντα,
919 1746 989 1805 ἁλλὰ
1007 1745 1107 1812 ἁπλαῖς
1124 1744 1263 1814 ἐπιθολαῖς
1277 1750 1323 1806 καῖ
1338 1752 1396 1806 οἷον

271 1841 357 1914 Βῖξεσι
375 1853 424 1906 τοῦ
444 1855 491 1904 νοῦ
513 1847 596 1918 αὐτῆς
616 1847 682 1904 αὖτέ
698 1845 775 1926 ἤθρει
787 1847 832 1903 καὶ
847 1846 928 1926 ἐώρα.
946 1846 1055 1903 Ἔπειτα
1068 1846 1178 1904 καὶτοῦ
1197 1852 1244 1904 νοῦ
1259 1847 1398 1905 ἀποστᾶσα

269 1947 314 2002 καὶ
325 1947 362 2010 εἷς
374 1945 510 2024 λογισμὸν
519 1945 565 2002 καῖΙ
577 1944 695 2003 διὰνοιαν
705 1944 883 2014 κατελθοῦσα,
897 1943 986 2001 οὐκέτι
997 1942 1059 2001 οὐδέ
1070 1944 1167 2010 ἁπλαῖς
1179 1941 1320 2010 έπιῦολαῖς
1330 1945 1398 2002 αῦτδι

269 2045 343 2122 ᾕρει,
352 2042 426 2100 ἀλλά
434 2041 646 2121 συλλογιστικῶς
653 2043 698 2099 καλΙ
710 2037 896 2117 μεταῦατικῶς
904 2041 948 2098 καὶ
958 2039 1028 2098 ἁλλο
1038 2037 1064 2108 ἐξ
1074 2039 1172 2116 ἀλλου,
1181 2043 1233 2099 ἀπὸ
1241 2044 1397 2123 προτάσεων

203 2149 237 2198 15
271 2142 313 2198 ἐπὶ
330 2141 545 2220 συμπεράσματα
561 2140 707 2220 ἐρχομένη.
725 2141 836 2196 ΙἘπειτα
850 2140 895 2196 καῖ
911 2145 958 2196 τοῦ
975 2143 1095 2219 καθαροῦ
1112 2140 1244 2218 λογισμοῦ
1260 2141 1398 2199 ἀποστᾶσα

269 2239 313 2292 καὶ
330 2243 378 2294 τοῦ
398 2240 516 2317 ψυχικοῦ
532 2235 692 2309 ἰδιώματος,
713 2234 849 2306 κατῆλθεν
869 2236 906 2300 εἷς
922 2236 1024 2314 γένεσιν
1039 2236 1084 2291 καὶ
1099 2234 1208 2307 πολλῆς
1221 2245 1271 2308 τῆς
1287 2236 1397 2314 ἀλογίας

270 2336 383 2404 καὶτῆς
401 2343 525 2414 ταραχῆς
543 2334 714 2406 ἀνεπλήσθη.
737 2340 785 2390 Δεῖ
806 2332 851 2390 οῦν
870 2333 952 2404 αὐτὴν
971 2331 1052 2390 πάλιν
1072 2333 1115 2390 ἐπὶ
1130 2334 1176 2396 τὰς
1193 2335 1293 2398 οῖκεῖας
1309 2334 1396 2415 ἀρχὰς

271 2431 443 2512 ἀναδραμεῖν,
465 2434 510 2488 καῖ
532 2433 593 2488 ὅθεν
614 2430 750 2503 κατῆλθεν
773 2431 829 2488 ἐκεῖ
849 2429 931 2489 πάλιν
954 2431 1088 2489 ἀνελθεῖν·
1112 2433 1150 2496 εἷς
1175 2431 1207 2502 δὴ
1230 2435 1278 2504 τὴν
1303 2430 1397 2490 ἀνοδον

269 2531 370 2602 ταύτην
385 2531 431 2586 καὶ
451 2531 664 2588 ἀποκατάστασιν
682 2526 888 2605 συμῦὰλλυνται
907 2529 975 2605 αάτῇ
996 2533 1024 2586 αῖ
1044 2530 1169 2610 τέσσαρες
1189 2531 1268 2587 αῦται
1289 2530 1394 2605 μανῖαι·

203 2638 238 2689 20
270 2631 299 2686 τδ
314 2629 447 2708 <γὰρ>
459 2631 724 2708 τεταραγμένον.τῶν
741 2635 831 2708 μερῶν
847 2629 931 2700 αὐτῆς
942 2630 986 2684 καῖ
1001 2631 1038 2692 εἷς
1054 2629 1190 2707 ἀοριστίαν
1200 2631 1246 2685 καῖ
1262 2630 1299 2692 εἷς
1315 2629 1395 2710 ἀναρ-

271 2727 381 2802 μοστίαν
403 2729 545 2806 ῦπενεχθέν
567 2729 618 2782 καῖι
632 2726 743 2798 πολλῆς
765 2733 889 2805 ταραχῆς
914 2727 1086 2797 ἁναπλησθέν
1110 2727 1147 2789 εῖς
1170 2727 1328 2806 συμφωνίαν
1349 2729 1396 2784 καὶ

270 2823 400 2904 ἁρμονίαν
421 2822 479 2903 ἁγει
497 2828 515 2895 ’1,
534 2826 662 2899 μουσική·
685 2827 701 2895 ἡ
724 2822 752 2880 δέ
766 2823 910 2892 τελεστικέ,
924 2822 1016 2881 τελέαν
1027 2824 1073 2880 καῖ
1089 2822 1244 2902 ὁλόκληρον
1259 2827 1394 2895 ποιεῖτὴν

270 2924 360 3004 ψυχὴν
379 2924 424 2978 καῖ
442 2928 543 3002 νοερῶς
564 2922 682 3002 ἐνεργεῖν
703 2923 910 3002 παρασκευάζει.
933 2921 962 2976 '11
984 2922 1032 2996 μέν
1055 2923 1105 3001 γὰρ
1127 2924 1241 2996 μουσικὴ
1269 2923 1338 2997 μόνα
1361 2923 1395 2979 τέ

272 3022 351 3100 μόρια
368 3022 484 3098 ἁρμόζει
500 3022 544 3076 καλΙ
559 3020 748 3090 καταστέλλει,
763 3023 781 3090 ἡ
798 3016 827 3075 δέ
841 3017 980 3090 τελεστικῖ,
1000 3018 1069 3091 ὅλην
1085 3019 1168 3090 αὐτὴν
1186 3027 1260 3077 ποιεῖ
1276 3020 1395 3098 ἐνεργεῖν

202 3129 235 3180 25
270 3122 313 3202 κα),
329 3118 484 3198 ὁλόκληρον
504 3119 713 3197 παρασκευάζει·
735 3118 864 3175 ὥστεκαὶ
880 3119 911 3174 τὸ
929 3119 1024 3196 νοερὸν
1040 3118 1124 3190 αὐτῆς
1140 3119 1270 3198 ἐνεργεῖν·
1292 3118 1393 3176 Κατελ-

270 3221 350 3275 θοῦσα
368 3219 418 3298 γὰρ
438 3221 455 3289 ἡ
475 3220 549 3297 ψυχὴ
571 3218 804 3296 συντεθραυσμένῃ
819 3217 865 3272 καῖΙ
881 3217 1030 3295 παρειμένιρ
1044 3215 1127 3286 ἔοικε,
1142 3218 1187 3273 καῖ1
1202 3219 1216 3273 ὁ
1233 3218 1280 3291 μέν
1295 3217 1392 3274 ταῦτοῦ

268 3317 366 3381 κέκλος
381 3315 544 3387 πεπέδηται,
564 3317 684 3372 τουτέστι
698 3317 727 3372 τὸ
743 3317 835 3393 νοερὸν
849 3315 946 3386 αὐτῆς,
963 3317 977 3372 δ
993 3314 1021 3371 δέ
1036 3315 1151 3394 θατέρου
1165 3313 1272 3380 πολλὰς
1284 3314 1393 3380 κλὰσεις

268 3415 312 3470 καὶ
331 3415 447 3494 στρορέις
466 3417 604 3490 ὑπομένει,
626 3413 747 3470 τουτέστι
765 3415 795 3470 τὸ
815 3409 984 3480 δοξαστικέν·
1009 3419 1128 3494 μερικῶς
1150 3412 1196 3469 οῦν
1214 3413 1260 3470 καὶ
1280 3413 1311 3469 οῦ
1325 3413 1392 3469 κατὰ

267 3519 351 3569 πᾶσαν
369 3514 465 3584 ἐαυτήν
485 3511 597 3591 ἐνεργεῖ.
620 3511 650 3568 Ἡ
670 3510 717 3569 οῦν
737 3514 893 3582 Διονυσιακὴ
914 3513 1061 3591 κατοκωχέ,
1080 3512 1147 3585 μετὰ
1165 3512 1214 3582 τὴν
1232 3516 1286 3567 τῶν
1302 3516 1392 3589 μερῶν

203 3622 236 3672 ³0
269 3610 446 3690 συναρμονῖαν
460 3610 554 3668 τελέαν
569 3611 653 3682 αῦτήν
670 3611 850 3690 ἀπεργὰζεται
864 3611 909 3667 καὶ
924 3617 997 3667 ποιεῖ
1010 3611 1079 3666 κατέ
1092 3616 1179 3666 πᾶσαν
1198 3610 1297 3678 έαυτήν
1317 3609 1391 3687 ἐνερ-

267 3717 323 3787 γεῖν
336 3711 382 3765 καὶ
398 3715 500 3788 νοερῶς
518 3712 576 3780 ζῆν·
593 3713 610 3780 ἡ
629 3708 658 3766 δέ
671 3707 881 3780 Ἀπολλωνιακή
897 3709 985 3773 πὰσας
1002 3709 1049 3772 τὰς
1067 3706 1290 3782 πεπληθοσμένας
1307 3707 1389 3778 αὐτῆς

269 3806 393 3882 δυνάμεις
412 3809 457 3863 καὶ
474 3814 561 3864 πᾶσαν
583 3807 664 3878 αὐτὴν
685 3806 727 3864 έπῖΙ
746 3807 776 3862 τδ
795 3807 824 3864 ἐν
844 3808 925 3879 αὐτῆς
943 3806 1094 3888 ἐπιστρέφει
1113 3808 1157 3863 καὶ
1176 3806 1322 3884 σονεγεῖρει
1337 3804 1389 3884 (διὸ

268 3907 311 3963 καῖ
323 3905 467 3964 Ἀπόλλων
480 3906 586 3986 εἴρηται
599 3907 636 3971 ῶς
649 3907 701 3962 ἀπὸ
713 3911 767 3962 τῶν
782 3904 898 3963 πολλῶν
913 3905 956 3962 έπῖ
969 3908 1000 3963 τὸ
1014 3907 1043 3962 ἐν
1056 3905 1196 3983 ἐπανάγων
1209 3907 1258 3975 τὴν
1272 3903 1388 3985 ψυχήν)·

297 4069 314 4119 8
330 4089 390 4134 φησι
408 4069 456 4120 246
474 4069 504 4125 C.
523 4070 571 4120 248
589 4070 610 4120 C
672 4069 704 4120 26
721 4068 813 4121 ταὺτοῦ
830 4097 861 4107 -
875 4073 978 4137 θατέρου
993 4071 1028 4120 οῖ.
1046 4069 1117 4120 Tim.
1133 4070 1207 4120 3637
1270 4067 1389 4121 33a1iud

270 4140 361 4191 Ριιιτο
382 4140 461 4190 Crat.
482 4141 528 4190 405
548 4141 571 4191 D
591 4142 640 4191 sed
658 4141 694 4191 υῖ.
715 4143 807 4190 Αιιοιι,
827 4141 879 4190 vit.
901 4139 976 4191 Ptat.
999 4145 1052 4205 (ap.
1069 4143 1277 4192 Wssswnmu
1294 4139 1388 4204 Βῖορν.

268 4212 321 4271 389,
331 4213 370 4275 49)
390 4214 523 4264 Ἀπόλλων
535 4214 584 4281 γὰρ
597 4217 669 4276 δηλοῖ
682 4218 695 4264 ὀ
709 4217 896 4280 κεχωρισμένος
909 4223 959 4264 τῶν
973 4217 1082 4264 πολλῶν·
1093 4217 1121 4265 τὸ
1132 4215 1181 4280 γὰρ
1197 4233 1232 4264 απ
1246 4216 1389 4280 στερητικόν

268 4287 317 4335 ἐστι
333 4288 439 4351 μόριονι
454 4285 536 4334 citius
548 4284 631 4349 igitur
646 4304 662 4335 σι
677 4299 725 4349 pro
743 4303 777 4334 απ
792 4285 914 4349 reposuit
929 4285 1135 4336 ῖθιυετειιιιιιιιι

298 4399 343 4450 NC
366 4399 380 4450 1
403 4399 603 4465 διαστελλώμιθα
624 4401 652 4450 Μ
717 4401 731 4450 3
753 4415 802 4465 pro
822 4403 897 4465 αὐτῆς
916 4401 1006 4465 potius
1022 4402 1051 4451 in
1069 4406 1107 4453 Α·
1124 4401 1226 4464 legeris
1245 4401 1326 4453 αὑτῶν

267 4480 281 4528 θ
300 4479 385 4545 μόνας]
402 4483 478 4545 μόνης
491 4482 519 4530 Μ
584 4481 599 4529 7
615 4484 658 4532 καῖ
678 4485 702 4532 ἐν
723 4475 800 4555 <ᾖ>
820 4481 886 4539 τέξει
902 4485 959 4531 Αετ
1021 4483 1051 4532 14
1071 4479 1134 4557 ᾕρει]
1148 4480 1216 4549 ἤθρει
1232 4483 1260 4532 Μ
1277 4482 1314 4532 οῖ.
1326 4481 1345 4530 l.
1361 4481 1390 4532 12

326 4551 356 4601 16
370 4551 492 4619 ψυχικοῦ]
505 4556 607 4603 λυτικυῦ
625 4553 652 4602 Μ
668 4567 674 4603 :
691 4555 778 4604 ῦλικυῦ
792 4553 813 4602 E
877 4554 909 4605 18
924 4553 1043 4619 ἀνελθεῖν]
1055 4557 1206 4620 ἀναδραμεῖν
1223 4554 1251 4602 Μ
1267 4567 1302 4604 ex
1317 4567 1389 4616 ρεια-

265 4623 426 4673 cedentibus
489 4624 575 4675 19καῖ
595 4629 620 4675 αῖ
639 4627 758 4690 τέσσαρες
779 4625 807 4674 Μ
871 4625 903 4676 20
921 4626 970 4692 γὰρ
987 4624 1078 4675 addidi
1141 4625 1171 4674 22
1188 4629 1283 4676 τελείαν
1298 4625 1324 4673 M

266 4693 295 4742 2⁴
309 4693 372 4744 tort:
385 4694 445 4757 ὅλην
467 4693 543 4757 αὐτὴν
563 4701 630 4746 ποιεῖ
647 4699 690 4745 καῖ
710 4700 848 4763 ὀλόκληρον
867 4699 910 4747 καὶ
925 4701 1032 4762 ἐνεργεῖν
1049 4695 1232 4762 παρασκευάζει
1247 4695 1282 4746 οῖ.
1295 4696 1327 4745 22

266 4763 296 4813 29
311 4775 359 4815 τῶν
373 4778 428 4814 om.
445 4769 468 4814 Α
533 4767 564 4816 30
579 4769 673 4817 τελείαν
688 4769 715 4816 Μ
