3600 5734
465 627 522 682 164·
845 611 986 674 mmor
1007 617 1204 675 ψιιοεοσοι·

366 781 431 848 [1⁴9]
463 782 633 856 πτερυρρυεῖν
647 777 692 834 καί
711 777 753 834 έπί
768 779 817 848 τὴν
831 786 883 856 γῆν
898 779 1032 859 φέρεσθαι.
1047 781 1135 836 -Τὸ
1151 777 1179 836 δέ
1193 780 1245 838 ἐπὶ
1258 783 1317 851 τὴν
1332 789 1393 860 γῆν
1408 783 1490 858 πέση
1506 775 1586 860 λέγοι

465 876 513 950 μέν
530 875 561 932 δν
580 884 634 953 γῆν
651 877 696 931 καί
714 883 801 932 πᾶσαν
816 878 865 946 τὴν
885 878 998 955 γένεσιν,
1015 877 1092 958 λέγοι
1108 876 1131 936 δ’
1145 879 1177 936 διν
1188 880 1234 936 καὶ
1248 881 1298 950 τὴν
1314 877 1390 943 ίδέως
1405 879 1504 950 ταύτην
1517 887 1584 956 γῆν,

462 971 536 1052 λέγοι
550 971 573 1030 δ’
589 972 619 1030 δν
633 975 679 1030 καί
694 978 774 1030 τοῦτο
788 975 819 1030 τὸ
835 980 915 1050 σῶμα
931 976 962 1031 τὸ
977 975 1118 1055 ἀνθρώπου
1134 977 1170 1041 τίς
1184 979 1256 1034 aaa?
1271 977 1366 1045 είσέδυ,
1383 975 1426 1033 διὰ
1440 978 1471 1034 τὸ
1485 975 1584 1034 πλεῖσ-

366 1074 447 1139 p.150
461 1091 507 1128 τον
526 1071 530 1149 Ι
548 1079 599 1149 γῆς
621 1073 754 1150 μετέχειν.
777 1069 804 1128 '0
824 1072 908 1146 νόμος
929 1073 975 1129 οῦν
997 1075 1011 1130 δ
1031 1082 1081 1146 τῆς
1104 1072 1271 1154 Ἀδραστείας
1288 1080 1368 1131 τοῦτο
1389 1073 1530 1155 χαρίζεται
1547 1079 1584 1150 τῇ

415 1175 430 1224 5
462 1169 576 1249 πρώτως
592 1170 707 1227 ἀπὸ-τοῦ
721 1176 820 1243 νοητοῦ
835 1171 872 1235 είς
888 1172 991 1249 γένεσιν
1006 1173 1125 1249 πεσούσῃ
1141 1177 1217 1252 ψυχῇ
1232 1173 1263 1230 τὸ
1279 1175 1317 1248 μὴ
1335 1175 1372 1238 εἷς
1388 1173 1487 1252 ὴρίου
1502 1178 1584 1246 σῶμα

461 1265 577 1338 εἰσιέναι,
594 1266 666 1326 ἀλλὰ
680 1267 724 1323 καί
738 1263 776 1329 είς
792 1265 898 1346 ἀνδρός.
917 1269 1053 1346 Πρώτην
1068 1269 1118 1348 γὰρ
1137 1271 1266 1347 γένεσιν
1283 1268 1363 1327 καλεῖ
1379 1271 1430 1339 τήν
1449 1269 1516 1346 μετὰ
1531 1272 1584 1339 τὴν

461 1366 527 1422 θέαν
541 1369 589 1422 τοῦ
607 1370 706 1436 νοητοῦ
721 1371 862 1422 κατιοῦσαν
878 1367 914 1430 εἰς
932 1365 1035 1444 γένεσιν
1050 1369 1141 1446 ψυχὴν
1155 1370 1200 1424 καίι
1219 1368 1432 1448 συμπληροῦσιν
1450 1373 1531 1425 τοῦτο
1550 1368 1583 1423 τὸ

463 1466 540 1542 ζῷον.

502 1609 561 1688 μγ’.
586 1608 683 1668 Ἀλλὰ
704 1613 762 1683 τὴν
785 1613 841 1686 μέν
861 1611 1014 1694 πλεῖστα]
1036 1615 1095 1672 248
1117 1615 1156 1675 D.

398 1760 429 1812 10
501 1759 612 1832 Πρῶτον
632 1759 710 1810 τοῦτο
733 1753 827 1832 ῥητέον
848 1755 886 1818 ὡς
910 1753 974 1834 [ὅτι]
998 1752 1164 1834 διαφέρουσιν
1188 1756 1214 1810 οί
1237 1754 1349 1812 ἐνταῦθα
1371 1752 1583 1832 παραδιδόμενοι

460 1851 535 1908 έννέα
550 1851 606 1930 βίοι
620 1857 675 1909 τῶν
689 1851 716 1908 έν
732 1851 893 1924 Πολιτείᾳ
907 1851 1142 1934 παραδεδομένων.
1157 1855 1236 1910 Οὗτοι
1253 1854 1301 1928 μέν
1315 1853 1367 1932 γὰρ
1380 1852 1467 1924 ἐννέα,
1484 1852 1582 1910 ἐκεῖνοι

460 1946 488 2005 δέ
510 1948 613 2029 ἄπειροι
629 1973 635 1986 ·
652 1952 697 2007 καὶ
718 1949 816 2009 έκεῖνοι
837 1951 886 2027 μὲν
904 1952 973 2008 κατὰ
992 1953 1038 2016 τὰς
1058 1953 1171 2030 αίρέσεις
1190 1959 1241 2022 τῆς
1259 1955 1350 2030 ψυχῆς
1364 1947 1580 2029 ἀπεκληροῦντο,

460 2049 534 2106 οῦτοι
554 2047 583 2106 δέ
600 2049 670 2106 κατὰ
688 2052 752 2129 γέρα
771 2052 816 2106 καὶ
834 2053 918 2126 τιμὴν
937 2049 1016 2116 ἀξίως
1035 2059 1087 2121 τῆς
1106 2049 1173 2113 σέας
1192 2055 1248 2110 τῶν
1265 2055 1371 2122 νοητῶν
1386 2049 1578 2124 ἐπονέμονται·

420 2211 426 2222 .
458 2149 502 2204 καί
516 2147 572 2205 ἐκεῖ
585 2151 634 2222 μέν
649 2149 701 2205 ἀπὸ
716 2148 857 2228 ἀνθρώπου
872 2150 909 2213 είς
921 2149 1018 2229 θηρίον
1032 2150 1078 2205 καὶ
1089 2148 1142 2205 ἀπὸ
1157 2147 1257 2226 θηρίου
1274 2148 1313 2211 είς
1327 2147 1465 2227 ἄνθρωπον
1477 2145 1580 2224 έχίνετο

397 2253 426 2302 15
457 2249 475 2318 ί,
500 2243 647 2322 μετάδοσις
670 2252 704 2322 τῇ
729 2251 817 2328 ψυχῇ,
844 2246 956 2304 ἐνταῦθα
979 2245 1007 2303 δέ
1029 2247 1120 2322 μὸνως
1143 2248 1179 2311 είς
1201 2245 1407 2326 ἄνθρωπονκαὶ
1428 2251 1522 2302 τοῦτον
1542 2245 1579 2308 είς

459 2341 541 2424 ἄνδρα
559 2344 602 2424 (οῦ
621 2346 672 2424 γαρ
694 2345 732 2409 εἶς
749 2343 886 2424 γυναῖκα)·
907 2346 952 2402 καίΙ
970 2345 1001 2401 τό
1020 2367 1050 2422 γε
1069 2345 1195 2423 μέγιστον
1215 2345 1256 2402 ὅτι
1272 2345 1385 2401 ἐνταῦθα
1400 2345 1449 2418 μέν
1463 2343 1578 2422 πρώτως

459 2441 510 2498 σίπὸ
523 2448 572 2500 τοῦ
585 2448 684 2515 νοητοῦ
699 2445 737 2505 εἷς
753 2444 857 2523 γένεσιν
874 2441 985 2500 εἷ’σεισιν
997 2447 1014 2513 ἡ
1032 2445 1117 2524 ψυχὴ,
1136 2441 1191 2500 ἐκεῖ
1210 2440 1239 2500 δὲ
1257 2444 1302 2498 καὶ
1321 2443 1373 2498 ἀπὸ
1390 2438 1479 2498 ἀ’λλου
1498 2437 1576 2518 βίουΙ

353 2535 445 2588 1⁸51V'
458 2541 496 2604 είς
513 2539 596 2598 ἄλλον
614 2541 684 2618 βίον.
701 2543 751 2598 Καί
765 2541 839 2605 ὅλως
856 2539 1026 2620 λεπτουργὼν
1044 2539 1150 2606 πολλὰς
1169 2540 1199 2598 ἃν
1219 2541 1307 2620 εύροις
1328 2537 1456 2620 διαφορὰς
1476 2539 1580 2595 τούτων

457 2661 486 2698 τε
501 2640 644 2698 κάκείνων·
663 2637 702 2697 έτι
718 2639 746 2697 δέ
764 2641 809 2696 καὶ
828 2646 908 2697 τοῦτο
925 2641 1072 2720 ἐναγκαῖον
1092 2639 1122 2696 δν
1142 2639 1389 2714 μνημονεύσωμεν,
1411 2637 1451 2694 ὅτι
1466 2637 1580 2710 ἐνταῦθα

394 2742 425 2794 20
458 2738 523 2796 αύτέ
537 2737 569 2794 τέ
585 2735 645 2810 είδη
660 2745 715 2796 τῶν
733 2739 809 2814 ζῴων
826 2738 965 2810 ἐκτίθεται,
985 2739 1015 2794 ού
1035 2738 1142 2802 πσίντως
1157 2737 1263 2801 καὶτὰς
1279 2737 1364 2818 τύχας
1378 2735 1423 2792 καί
1437 2737 1485 2798 τὰς
1501 2734 1578 2798 έκτὸς

456 2837 634 2915 περιστάσεις,
653 2841 712 2894 οἷον
726 2837 916 2916 στρατιωτικὸν
930 2837 947 2907 ί,
965 2836 1115 2913 βασιλικὸν,
1131 2835 1163 2892 οῦ
1177 2837 1285 2898 πάντως
1301 2835 1347 2891 τὸν
1362 2833 1389 2891 ἐν
1407 2833 1504 2897 ὅπλοις
1521 2827 1578 2898 ἐζε-

433 2929 438 2940 ’
455 2933 604 3008 ταζόμενον
624 2933 669 2989 καὶ
690 2931 782 3006 τοιᾷδε
800 2933 873 3014 τύχη
894 2932 1049 3014 χρώμενον,
1071 2930 1143 2988 ἀλλὰ
1156 2933 1202 2988 τὸν
1217 2928 1287 2994 εἶδος
1303 2933 1376 3002 ζωῆς
1391 2927 1496 2988 τοιόνδε
1511 2951 1578 3010 προ-

457 3026 640 3107 ὅτὸλημένον,
661 3031 700 3094 ὡς
721 3033 766 3087 καί
785 3029 812 3086 έν
834 3028 975 3112 ριλοσὸριμ
996 3031 1058 3109 ρέρε
1077 3031 1107 3085 τὸ
1129 3027 1203 3091 εἶδος
1221 3037 1270 3100 τῆς
1289 3037 1484 3107 στρατιωτικῆς
1504 3029 1577 3096 ζωῆς

456 3126 642 3207 ἐμφαίνεσθαι·
666 3125 693 3184 έν
716 3125 744 3183 δέ
765 3125 925 3198 Πολιτείᾳ
944 3128 989 3183 καί
1010 3126 1090 3190 αῦτῦς
1111 3126 1158 3190 τὰς
1180 3127 1267 3207 τύχας
1290 3127 1427 3205 αἱρεῖσθαί
1448 3147 1514 3205 φησι
1534 3124 1578 3180 καί

394 3232 424 3282 25
456 3223 630 3284 ἀποδίδοσθαι
647 3225 753 3289 αὐτοῖς.
769 3227 868 3282 Λοιπὸν
883 3223 911 3282 δέ
925 3231 1003 3282 τοῦτο
1020 3225 1150 3298 ζητητέον
1163 3224 1278 3304 πότερον
1293 3222 1358 3280 ὅλον
1368 3225 1399 3280 τὸ
1414 3221 1517 3288 πλάτος
1531 3230 1579 3292 τῆς

458 3327 532 3397 ζωῆς
548 3324 586 3388 είς
601 3325 712 3387 τούτους
727 3324 790 3386 τοῦς
805 3324 879 3381 ἐννέα
896 3325 971 3401 βίους
983 3323 1197 3398 κατατέτμηται,
1211 3324 1228 3392 ἢ
1243 3321 1439 3381 ῦπολέλειπτσί
1455 3343 1495 3385 τις
1511 3319 1576 3392 ῦλλη

456 3415 554 3488 ἔξωθεν
574 3419 712 3500 διαίρεσις,
733 3419 794 3490 ἥτις
814 3423 884 3496 ἡμῖν
904 3418 968 3477 δέκα
987 3421 1004 3490 ί,
1023 3419 1136 3484 πλείους
1152 3422 1261 3490 ποιήσει
1279 3418 1343 3484 τοῦς
1365 3417 1453 3496 βίους·
1476 3417 1506 3473 τὸ
1526 3417 1577 3494 γὰρ

456 3519 519 3577 σῦτδ
533 3527 644 3602 πρᾶγμα
658 3519 717 3576 κατ’
732 3519 820 3583 ἄλλας
836 3521 880 3576 καὶ
895 3513 982 3584 ἄλλοις
999 3515 1130 3583 ἐπιὸυλῦς
1145 3518 1257 3576 δυνατὸν
1274 3517 1313 3582 είς
1328 3515 1420 3574 πλείω
1433 3515 1478 3572 καί
1495 3513 1578 3572 έλσίτ-

455 3639 520 3674 τονα
533 3625 638 3694 τεμεῖν·
655 3619 691 3684 ὡς
704 3617 732 3674 έν
747 3613 886 3692 Φιλήὸιμ
903 3619 951 3692 μέν
964 3623 1035 3697 τρεῖς
1049 3617 1111 3681 τοῦς
1128 3615 1215 3693 βίους,
1230 3615 1257 3672 ἐν
1273 3612 1475 3685 Πολιτείᾳδέ
1487 3613 1574 3670 πέντε.

393 3725 424 3774 30
456 3714 536 3792 Ἡμῖν
557 3713 584 3772 δέ
606 3714 768 3774 έπιδεικτέον
791 3716 832 3772 ὅτι
852 3721 897 3772 νῦν
917 3723 969 3772 πᾶν
989 3716 1019 3771 τὸ
1039 3713 1143 3777 πλάτος
1163 3723 1214 3786 τῆς
1237 3717 1308 3784 ζωῆς
1328 3714 1364 3777 εἷς
1385 3711 1495 3774 τούτους
1513 3709 1592 3772 τοῦτ’

455 3813 530 3872 ἐννέα
546 3815 623 3892 βίους
635 3814 861 3890 κατανενέμηται.
877 3815 1015 3894 Τεσσσίρων
1029 3812 1075 3870 οῦν
1089 3814 1193 3870 τούτων
1207 3813 1269 3892 περὶ
1283 3813 1331 3869 τδν
1346 3810 1487 3891 ἄνθρωπον
1502 3820 1578 3868 Βεω-

456 3911 606 3993 ρουμένων,
627 3911 724 3993 λόγου,
744 3919 847 3989 θυμοῦ,
868 3912 1023 3989 ἐπιθυμίας,
1045 3913 1163 3992 φύσεως,
1180 3915 1199 3983 ἡ
1216 3912 1292 3993 ψυχὴ
1315 3915 1333 3982 ἡ
1352 3897 1520 3968 κατελθοῦσα
1536 3907 1576 3971 εἷς

484 4161 928 4241 11Ησρ.ν1Ι15441),Χ,618Α
992 4157 1114 4212 29Plzt'l.
1131 4173 1203 4224 pass.
1268 4157 1474 4226 Rep.x618A

484 4297 546 4350 TIT
569 4297 600 4349 10
621 4289 690 4351 οῦτοι
710 4303 733 4350 οἱ
752 4301 822 4350 έννέσ
843 4301 893 4364 βίοι
914 4301 937 4348 τί
958 4299 1102 4364 διαφέρουσι
1121 4305 1170 4347 τῶν
1192 4297 1217 4347 έν
1240 4295 1391 4366 Πολιτείᾳ
1411 4299 1471 4362 βίων
1493 4292 1515 4344 C

453 4370 482 4422 31
500 4381 553 4430 πῶς
571 4375 599 4422 έκ
614 4373 758 4437 διαιρέσεως
773 4372 897 4421 δείκνυσιν
913 4369 970 4421 ὅλον
985 4371 1013 4421 τῦ
1028 4367 1120 4427 πλσίτος
1135 4375 1177 4430 τῆς
1195 4366 1258 4431 ζὼης
1275 4368 1309 4426 είς
1323 4362 1426 4425 τούτους
1445 4369 1514 4431 βίους
1527 4382 1575 4416 κα·

452 4447 599 4508 τστέτμηται
616 4443 679 4509 (leg.
694 4442 937 4507 κατατετμῆσθσιι)0

485 4573 815 4637 ΝΟθέλλλ,ἐτυθτ.Α
878 4574 909 4625 10
924 4573 960 4625 ὅτι
975 4573 1076 4625 seclusi
1141 4574 1168 4622 11
1187 4571 1439 4639 παραδιδομένωνΜ
1506 4569 1535 4618 12
1550 4568 1576 4619 δὶ

452 4659 506 4696 om.
523 4646 551 4695 M
617 4645 815 4713 ἀπταληροῦντο]
834 4647 1036 4711 α’ποκληροῦνται
1057 4644 1085 4693 Μ
1150 4644 1181 4693 16
1197 4649 1318 4708 γυναῖκας
1337 4643 1367 4692 Μ
1430 4641 1461 4691 22
1477 4638 1532 4705 τὸν]
1547 4640 1575 4690 τῦ

453 4715 481 4764 Μ
546 4715 576 4764 24
594 4715 687 4766 δῖοιπ.
704 4715 731 4764 Μ
798 4713 874 4772 αὐτὲις
889 4715 985 4778 scripsi
999 4714 1177 4764 dubitanter:
1194 4715 1278 4771 ἀλέτας
1290 4712 1354 4763 libri
1417 4713 1513 4776 φησίΑ

451 4785 483 4837 28
499 4786 615 4850 δυνατὴν]
630 4783 732 4838 δύναται
746 4789 784 4836 A·
847 4785 878 4836 30
894 4782 1052 4851 έπιδεικτέυν]
1068 4787 1228 4839 ἀποδεικτέον
1243 4785 1273 4834 Μ
