3600 5734
484 631 538 680 ΕΙΣ
559 632 619 694 ΤΟΝ
642 631 818 680 numm
841 631 983 680 ΦΑΙΔΡΟΝ
1007 631 1128 681 ΣΧΟᾹΙΑ
1321 645 1365 693 153

145 797 211 863 [14³]
245 794 325 863 σῶμα
339 788 375 844 τό·
386 787 412 853 ἐ,
425 785 568 866 ,ρτημένον
583 791 631 842 τοῦ
646 791 712 843 θεοῦ
727 786 792 843 θεὸν
808 785 941 862 εἰώθαμεν
955 786 1177 866 προσαγορεύεινε
1193 787 1216 844 εί
1231 786 1259 844 δέ
1273 789 1303 844 τό
1317 794 1366 844 τοῦ

244 891 310 944 θεοῦ
325 886 426 964 κυρίως
441 884 586 958 ἀκούομεν,
605 886 700 956 τὸτῆς
717 883 839 949 διανοίας
854 883 940 956 δῆλον
955 884 995 941 ότι
1012 892 1235 966 καταχρηστικῶς
1251 886 1364 943 ἀκουσό-

245 989 324 1061 μεθα,
345 985 435 1063 ώσπερ
454 983 487 1056 δη
507 986 551 1040 καί
570 983 697 1065 ἀλλαχοῦ
720 982 885 1061 λογισμόν
907 983 965 1040 εἰπε
987 990 1064 1044 θεοῦ.
1081 1018 1120 1027 -
1137 983 1314 1064 Ἀκήρατος
1338 983 1365 1041 δὲ

245 1085 282 1148 ώς
303 1082 368 1144 ,ἀνευ
388 1091 438 1154 τῆς
458 1083 563 1146 οἰκείας
587 1077 694 1160 βλοίύης
717 1082 892 1156 προεστώσης
915 1088 969 1138 τῶν
994 1082 1147 1161 έγκοσμίων
1169 1085 1214 1139 καί
1238 1080 1365 1148 ἀκλινοῦς

136 1193 228 1242 ί·58τ·
247 1183 378 1257 μενούσης
394 1183 459 1262 πρὸς
478 1183 511 1238 τά
525 1180 647 1260 δεύτερα·
668 1180 694 1246 ἐξ
709 1181 852 1260 ἀκηράτων
867 1180 918 1259 γάρ
936 1181 941 1259 Ι
959 1187 1044 1259 γενῶν
1060 1181 1147 1238 ἐποίει
1162 1183 1301 1255 ὁΤιμαῖος
1317 1182 1364 1246 τάς

245 1281 324 1346 θείας
342 1282 439 1361 ψυχάς,
467 1281 514 1345 τάς
538 1278 566 1336 δέ
584 1279 716 1359 ἡμετέρας
735 1275 762 1346 ἐξ
788 1279 929 1358 ἀκηράτων
955 1279 1041 1336 οὐκέτι
1064 1280 1189 1355 πάμπαν.
1211 1315 1250 1324 --
1271 1285 1312 1358 Τῷ
1336 1279 1365 1336 δέ

243 1380 297 1436 καί
316 1381 420 1450 πάσης
440 1381 548 1459 ψυχῆς
566 1376 817 1456 προσυπακουστέον
837 1377 867 1433 τὸ
887 1376 1028 1438 διάνοια.
1045 1413 1084 1422 -
1097 1375 1173 1451 Ὅση
1191 1377 1225 1435 ἀν
1242 1376 1363 1454 μέλλῃ,

245 1478 322 1558 ρησί,
347 1478 381 1533 τό
404 1485 573 1555 προσῆκον
598 1473 761 1548 δέξασθαι,
787 1477 921 1532 τουτέστιν
942 1477 991 1549 δ’ση
1013 1478 1044 1533 τό
1069 1477 1170 1534 οἰκεῖον
1194 1477 1243 1550 μέν
1268 1477 1365 1554 μέτρον

244 1574 432 1656 καταδέχεται,
450 1573 556 1652 λέγοιτο
579 1573 601 1630 δ’
620 1573 651 1630 άν
670 1573 732 1652 περί
751 1596 780 1631 τε
801 1579 875 1632 θεῶν
894 1577 938 1632 καί
957 1574 1075 1653 ἀγγέλων
1096 1576 1141 1631 καί
1164 1574 1299 1648 δαιμόνων
1320 1575 1365 1630 καί

181 1683 213 1735 10
245 1675 355 1754 ἡρώων·
374 1673 477 1747 έκάστῳ
497 1674 548 1752 γάρ
563 1673 668 1730 τούτων
687 1678 739 1728 τῶν
758 1679 839 1750 γενῶν
857 1674 959 1729 οἰκεῖον
977 1675 1022 1729 καί
1037 1672 1106 1730 ίδιον
1123 1675 1219 1753 μέτρον
1234 1671 1366 1730 ἐνδίδοται

246 1771 315 1830 ἀλλο
338 1769 417 1844 ἀλλῳ
440 1771 512 1848 παρὰ
534 1775 589 1825 τῶν
613 1769 728 1848 πρώτων
751 1771 795 1826 καί
818 1763 1063 1841 έπαναόεύηκότων
1086 1776 1169 1828 θεῶν.
1195 1805 1234 1813 -
1258 1771 1293 1826 Τὸ
1316 1768 1366 1825 διά

244 1868 368 1949 χρόνου
391 1867 441 1924 οὐκ
461 1866 492 1924 ἃν
512 1873 592 1924 τοῦτο
610 1865 685 1946 λέγοι
705 1868 747 1924 ότι
767 1865 937 1925 διακόπτεται
956 1865 1056 1942 μεταξύ
1074 1871 1092 1939 ί,
1108 1873 1162 1924 τῶν
1182 1873 1257 1924 θεῶν
1274 1867 1366 1940 νόησις

245 1965 334 2044 ὥσπερ
351 1966 382 2022 τό
401 1964 544 2044 ἡμέτερον,
566 1967 605 2030 ὡς
624 1967 689 2022 ποτέ
710 1967 758 2040 μὲν
779 1965 859 2029 αὐτάς
875 1973 1003 2045 θεωρεῖν,
1020 1968 1086 2025 ποτέ
1100 1964 1129 2023 δί
1145 1969 1195 2040 μή·
1212 1965 1301 2022 οὐκέτι
1316 1967 1366 2045 γάρ

245 2063 275 2119 τό
292 2061 352 2120 ίσον
369 2072 417 2135 τῆς
436 2061 606 2138 εὐδαιμονίας
624 2069 678 2120 τῶν
697 2065 780 2121 θείων
799 2068 895 2145 ψυχῶν
912 2067 1081 2144 τηρήσομεν·
1103 2064 1135 2121 οὐ
1155 2066 1206 2143 γάρ
1225 2063 1267 2121 δεῖ
1286 2063 1365 2126 αὐτάς

183 2176 213 2225 15
245 2163 311 2218 ποτε
327 2163 375 2236 μέν
393 2160 500 2236 μάλλον
516 2163 582 2218 ποτὲ
597 2161 625 2218 δὲ
639 2167 719 2234 ήττον
740 2161 919 2237 εὐδαιμονεῖν·
941 2160 1008 2218 ἀλλά
1026 2163 1057 2218 τό
1076 2161 1130 2218 διά
1148 2163 1271 2242 χρόνου
1290 2163 1320 2218 τὸ
1340 2161 1366 2218 έν

245 2259 338 2340 χρόνῳ
353 2259 492 2334 σημαίνει,
507 2261 571 2338 ὅπερ
585 2259 655 2316 ίδιόν
672 2260 726 2316 ἐστι
741 2269 790 2331 τῆς
803 2264 921 2340 ψυχικῆς
934 2259 1027 2324 οὐσίας
1043 2261 1073 2316 τό
1087 2259 1113 2317 έν
1127 2261 1219 2340 χρόνῳ
1232 2263 1367 2316 ποιεῖσθαι

245 2359 292 2421 τάς
309 2356 454 2436 ἐνεργείας·
471 2359 562 2436 ὥσπερ
577 2357 609 2429 δή
625 2359 669 2414 καί
686 2361 779 2432 ἡμεῖς,
795 2357 846 2414 κάν
860 2359 901 2415 ἀεὶ
915 2357 1086 2432 πεπταμένας
1100 2355 1209 2439 ἔχωμεν
1224 2359 1271 2421 τάς
1290 2355 1366 2434 όψεις

245 2456 312 2533 πρὸς
333 2453 410 2512 τόνδε
429 2456 476 2512 τὸν
499 2456 605 2534 ἀστέρα,
629 2457 705 2530 ὅμως
727 2455 753 2513 ὲν
771 2459 874 2527 κινήσει
894 2459 939 2512 καί
961 2456 989 2512 έν
1009 2457 1101 2538 χρόνῳ
1121 2461 1201 2512 τοῦτο
1221 2461 1365 2529 ποιοῦμεν.

247 2553 405 2634 Συμρώνως
426 2551 454 2610 δὲ
472 2556 516 2610 καί
537 2554 650 2610 ἐνταύθα
673 2560 730 2618 τοῖς
756 2554 783 2611 έν
805 2549 941 2628 Φιλήύῳ
964 2555 994 2611 τὸ
1015 2553 1094 2618 τέλος
1114 2549 1266 2634 παρέλαθεν
1287 2553 1317 2609 έκ
1338 2575 1367 2610 τε

181 2668 215 2717 20
246 2650 366 2731 θεωρίας
379 2653 425 2708 καί
440 2652 612 2732 εὐφροσύνης.
628 2685 666 2695 -
680 2652 714 2708 Τὸ
730 2649 758 2709 δέ
777 2651 884 2729 ἀγαπᾷ
904 2654 957 2709 καί
975 2651 1129 2732 τρέψεται
1147 2653 1198 2707 καί
1218 2651 1365 2709 εὐπαθεῑ·

245 2751 385 2829 τρέψεσθαι
400 2751 450 2824 μέν
468 2747 542 2828 λέγει
557 2749 587 2806 έκ
601 2758 650 2821 τῆς
665 2749 767 2807 ἀνωθεν
787 2750 853 2826 αὐτῇ
869 2749 1044 2824 ἐκδιδομένης
1057 2748 1240 2822 τελειότητος·
1261 2751 1367 2827 ἀγαπᾷ

247 2845 275 2904 δέ
293 2847 349 2903 ἀντί
368 2854 417 2904 τοῦ
437 2849 541 2927 στέργει
557 2849 602 2904 καί
624 2848 792 2906 ἀνατείνεται
811 2849 878 2928 πρὸς
894 2849 941 2913 τάς
962 2848 1061 2913 οἰκείας
1075 2849 1173 2929 ἀρχάς·
1190 2849 1221 2906 έκ
1236 2846 1264 2904 δέ
1278 2849 1367 2928 ἀμερο-

245 2945 372 3025 τέρωντδ
389 2946 534 3006 εὐπαθεῐ.
549 2948 636 3002 -Τό
652 2945 680 3002 δί
697 2945 759 3010 έως
779 2947 816 3002 δν
839 2946 947 3021 κύκλῳ
970 2950 987 3018 ή
1012 2947 1175 3027 περιφορά
1197 2947 1242 3011 εἰς
1269 2946 1367 3003 ταυτὸ

245 3043 445 3122 περιενέγκη
466 3044 522 3100 ἀντί
540 3049 598 3101 τοῦ·
619 3043 672 3102 ἕως
692 3045 724 3102 ἀν
744 3048 996 3125 συμπεριενεχθῶσι
1012 3051 1046 3121 τῇ
1066 3047 1158 3117 νοήσει
1177 3051 1226 3102 τοῦ
1241 3044 1365 3123 οὐρανοῦ,

182 3159 213 3208 25
246 3142 299 3223 οὐχ
322 3143 360 3206 ώς
384 3145 428 3199 καί
452 3143 533 3199 αὐτοῦ
559 3139 743 3218 μεταύατικῶς
766 3143 951 3221 ἐνεργοῦντος,
978 3143 1043 3202 ἀλλ’
1067 3143 1104 3207 ὡς
1127 3151 1178 3214 τῆς
1206 3147 1296 3223 ψυχῆς
1320 3145 1368 3213 τήν

245 3239 350 3297 έκείνου
380 3241 474 3312 νόησιν
499 3242 543 3297 καί
571 3241 707 3320 ἐνέργειαν
734 3239 761 3297 έν
787 3241 878 3322 χρόνῳ
909 3239 1075 3321 δεχομένης,
1105 3241 1193 3320 ὥσπερ
1223 3237 1255 3310 δή
1282 3241 1326 3296 καί
1354 3240 1367 3294 ό

246 3337 356 3395 ἐνταῦθα
375 3339 493 3420 κάτοχος
510 3339 536 3395 έν
551 3339 643 3419 χρόνῳ
661 3338 813 3418 φθέγγεται,
835 3344 883 3395 τοῦ
905 3345 970 3396 θεοῦ
992 3339 1115 3419 ἀχρόνως
1134 3337 1312 3417 ἐνεργοῦντος,
1333 3338 1368 3393 Τό

247 3439 294 3512 μέν
313 3436 359 3494 οὐν
378 3436 492 3511 κύκλῳ
519 3435 588 3495 ίδιον
610 3445 660 3510 τῆς
683 3441 800 3518 ψυχικῆς
821 3436 958 3517 περιόδου·
980 3438 1010 3494 τὸ
1033 3436 1062 3494 δὲ
1082 3445 1131 3508 τῆς
1151 3443 1296 3517 περιφοράς
1317 3444 1367 3506 τῆς

147 3542 229 3606 ρ.144
247 3535 372 3615 οὐρανίας
401 3537 532 3606 νοήσεως.
558 3569 597 3579 —·
622 3536 657 3592 Τό
685 3535 713 3593 δέ
741 3539 863 3615 καθορᾷ
894 3536 951 3610 μέν
977 3535 982 3614 Ι
1009 3535 1111 3606 αὐτὴν
1141 3533 1367 3607 δικαιοσύνην,

184 3647 215 3696 30
246 3637 370 3717 καθορᾷ
400 3632 433 3690 δὲ
458 3634 682 3715 σωρροσύνην,
710 3637 833 3713 καθορᾷ
858 3632 891 3690 δὲ
915 3633 1114 3708 ἐπιστήμην·
1141 3633 1170 3689 τό
1196 3632 1236 3713 ἐρ’
1258 3633 1368 3689 ἑκάστου

246 3725 364 3812 χρῆσθαι
385 3739 422 3809 τῷ
442 3735 565 3811 καθορᾷ
588 3731 688 3803 αὐτὴν
713 3733 884 3811 προσρήματι
907 3735 957 3803 τήν
982 3733 1068 3807 μόνην
1090 3731 1183 3803 νόησιν
1205 3737 1259 3788 τῶν
1283 3731 1368 3788 θείων

247 3833 342 3908 ψυχῶν
364 3827 457 3900 δηλοῖ·
481 3828 624 3894 πλεονάκις
646 3827 674 3886 δὲ
693 3831 772 3886 ταυτό
793 3830 882 3907 λέγων
901 3831 946 3886 καί
966 3830 996 3886 τὸ
1013 3825 1192 3904 μεταόατικὸν
1207 3827 1368 3886 ἐνδείκνυται

246 3929 291 3983 καί
308 3929 339 3983 τό
356 3927 552 4006 μεμερισμένον
566 3935 614 3998 τῆς
628 3931 747 4008 ψυχικῆς
766 3929 898 3998 νοήσεως·
920 3927 973 4006 οὐχ
990 3927 1077 4007 ὥσπερ
1097 3926 1125 3984 δέ
1141 3925 1238 3984 είωθεν
1253 3926 1295 3984 ἐπὶ
1314 3933 1368 3982 τῶν

249 4023 328 4082 ἰδεῶν
349 4024 433 4102 λέγειν
452 4024 700 4097 αὐτοδικαιοσύνην,
721 4025 974 4104 αὐτοσωρροσύνην,
997 4026 1069 4081 οὕτω
1088 4025 1133 4081 καί
1151 4025 1263 4082 ἐνταῦθα
1281 4025 1370 4102 ἀπήγ·

280 4280 460 4330 ammon
523 4278 627 4328 5Τίιιι.
645 4279 715 4327 411)
780 4278 809 4328 19
826 4283 851 4330 εν
868 4279 1096 4345 Φιλήόῳιίοσοω
1113 4293 1167 4330 σοι]
1185 4279 1280 4330 inveni

281 4419 326 4468 ΝΟ
348 4417 504 4485 θάκήρατος
523 4417 559 4465 οἰ.
582 4417 664 4470 151.1
729 4417 743 4464 5
765 4425 843 4481 γενῶν
863 4429 917 4466 om.
939 4415 967 4464 M
1032 4414 1157 4479 7πάοης]
1178 4415 1277 4479 ἀπάσης
1300 4417 1368 4467 Plat.

309 4488 367 4554 ὅση]
387 4490 436 4551 ὅση
459 4488 527 4537 plat.
547 4487 650 4537 cod.B
714 4487 856 4544 8δέξεσθαι
879 4486 948 4536 Plan.
968 4486 1074 4535 cod.B
1139 4488 1181 4551 μὲν
1201 4501 1255 4538 om.
1279 4490 1304 4537 M

248 4562 277 4612 1⁴
292 4561 348 4613 ἶσον
364 4563 387 4610 Α
404 4547 433 4609 uf,
449 4559 518 4609 solet
581 4556 628 4623 δεῖ]
646 4561 675 4620 δὴ
694 4558 722 4607 Μ
787 4559 818 4606 20
835 4559 922 4626 ἀγαπᾷ
936 4575 962 4608 τε
976 4559 1018 4607 καί
1033 4560 1164 4624 θεωροῦσα
1177 4561 1271 4623 τάληθῆ
1285 4563 1370 4626 τρέφε-

247 4653 287 4684 ται
303 4634 370 4682 Ρίκῑ.
435 4631 465 4680 23
481 4629 595 4681 εὐπαθεῖν
611 4629 672 4678 libri
734 4629 824 4679 ταύτόν
838 4629 907 4679 plat.
923 4641 928 4676 :
944 4629 1033 4678 ταυτὸν
1047 4628 1074 4677 Μ
1139 4631 1169 4678 24
1189 4629 1285 4695 νοήσει]
1299 4631 1370 4694 κινή-

248 4724 285 4756 σει
303 4708 340 4753 A·
401 4703 432 4752 30
452 4703 480 4752 τό
497 4703 523 4752 δὲ
540 4701 575 4764 ἐφ’
597 4700 624 4747 Μ
691 4699 720 4749 31
742 4698 898 4766 προρρήματι
918 4702 955 4747 A*
977 4699 1034 4762 (sed
1056 4719 1072 4749 σ
1091 4713 1173 4763 supra
1191 4701 1214 4767 ρ)
1278 4703 1307 4750 33
1329 4701 1368 4765 τὀ]

246 4778 290 4841 τήν
305 4780 339 4824 Α*
353 4775 411 4838 (sed
425 4774 453 4824 in
469 4775 555 4834 marg.
570 4771 598 4821 τδ
613 4771 638 4834 a)
703 4771 733 4818 34
747 4773 789 4822 καί
803 4767 1031 4837 αὐτοσωφροστίνην
1046 4771 1073 4819 Μ
