3600 5734
479 592 534 644 ΕΙΣ
555 593 617 643 ’1οΝ
640 592 815 644 nmmos
837 589 980 642 ΦΑΙΔΡΟΝ
1003 591 1124 642 ΣΧΟΛΙΑ
1317 599 1362 650 169

145 761 211 828 [152]
244 753 294 822 τὴν
315 751 367 810 ἀπὸ
385 749 518 830 γενέσεως
538 752 575 814 είς
597 752 712 829 γένεσιν,
729 752 774 807 καί
793 755 865 809 ποιεῦ
882 751 928 807 τόν
947 774 976 810 τε
994 751 1134 834 τρισχίλια
1149 755 1194 811 καὶ
1207 754 1254 811 τόν
1267 755 1360 832 μύρια.

242 850 273 910 Τί
288 849 334 908 οῦν
351 849 480 927 βοόλεται
495 847 537 906 διά
555 849 657 906 τούτων
673 850 828 906 αἰνίττεσθαι
846 849 942 908 λοιπὸν
957 851 972 908 δ
987 851 1115 926 Πλάτων;
1134 850 1254 925 Ῥητέον,
1271 853 1361 933 φησίν,

245 949 287 1008 θ’τι
305 946 479 1021 τελειίτητός
498 949 570 1013 τινός
591 947 645 1005 ἐστι
664 943 804 1022 σόμόολον
821 947 836 1004 ὀ
854 970 883 1005 τε
902 948 1040 1031 τρισχίλια
1056 951 1131 1006 καίό
1151 950 1244 1028 μύρια·
1268 950 1299 1006 οὖ
1313 949 1362 1030 γάρ

145 1056 230 1120 p.153
245 1049 282 1112 ῶς
296 1046 371 1106 δοκεῖ
387 1047 526 1128 έμραίνειν
541 1047 571 1103 τὸ
586 1047 776 1123 μαθηματικὸν
788 1047 860 1103 οὕτω
877 1047 962 1124 λέγει·
978 1049 995 1118 ἦ
1015 1048 1020 1126 ψ
1038 1049 1090 1126 γάρ
1103 1047 1134 1104 δν
1148 1055 1220 1104 πάσα
1231 1051 1306 1128 ψυχή
1320 1047 1363 1104 διά

197 1157 211 1204 5
246 1147 350 1226 μυρίων
371 1145 439 1202 έτῶν
460 1144 696 1219 άποκαθισταμένη
718 1145 763 1201 καί
786 1143 888 1223 έρημον
912 1145 943 1201 ἀν
967 1145 1079 1217 ἐποίησε
1104 1147 1150 1202 τὸν
1172 1143 1239 1222 τῇδε
1260 1147 1368 1226 ιιόσμονι

244 1249 350 1326 ψυχῶν·
367 1242 431 1301 ἀλλ’
446 1241 576 1300 ἀδύνατον
591 1243 632 1300 ἀεὶ
645 1241 693 1300 ίνα
710 1243 770 1320 βίον
784 1241 895 1314 ἀληθῶς
909 1241 1130 1324 ριλοσορήσασαν
1145 1245 1362 1316 ἀποκαταστῆναι

243 1345 287 1400 καί
305 1343 477 1422 τρισμυρίους
498 1339 718 1424 ριλοσορήσαταν
740 1339 869 1416 ίμπαθῶς
890 1342 934 1398 καί
953 1340 1051 1406 δολίως
1073 1345 1111 1417 μὴ
1132 1342 1360 1413 ἀποκαταστῆναι.

245 1438 329 1514 Δηλοῖ
344 1439 372 1496 δέ
391 1441 435 1498 καί
450 1441 465 1496 ὁ
481 1437 613 1520 Ἀρδιαῖος
633 1439 661 1496 ίν
679 1445 713 1516 τῇ
729 1437 884 1511 Πολιτείᾳ
898 1439 1007 1504 πολλάς
1021 1438 1147 1520 χιλιάδας
1163 1439 1232 1497 έτῶν
1246 1443 1362 1512 ποιήσας

245 1539 295 1597 ὑπὸ
315 1539 432 1618 γῆνκαὶ
454 1541 491 1613 μή
512 1536 661 1613 δυνάμενος
683 1539 713 1595 έκ
733 1544 780 1595 τοῦ
801 1539 912 1613 στομίου
932 1537 1065 1615 ἀνελθεῖν,
1087 1543 1141 1595 τῶν
1161 1536 1256 1597 ἀλλων
1275 1540 1364 1597 ἀνων-

181 1648 213 1698 10
243 1642 299 1694 σῶν
321 1641 429 1717 ψυχῶν.
452 1637 485 1694 Ἠ
509 1637 607 1701 οὕτως·
631 1636 662 1692 οῦ
685 1637 715 1693 τὸ
739 1638 930 1711 μαθηματικὸν
950 1637 996 1692 καί
1021 1637 1197 1716 ἀριθμητικὸν
1217 1643 1272 1693 τῶν
1295 1638 1363 1694 ἑτῶν

242 1733 346 1807 πλῆθος
361 1734 489 1811 βυῦλεται
505 1731 604 1807 δηλοῦν
618 1735 632 1790 ὀ
647 1733 776 1804 Πλάτων,
791 1733 866 1792 ἀλλά
881 1735 965 1813 μέτρα
979 1731 1163 1805 τελειοτήτων
1178 1737 1224 1791 καί
1241 1734 1363 1811 βαθμοὺς

245 1830 375 1910 βούλεται
392 1836 462 1908 ἡμῖν
485 1833 623 1908 σημαίνειν
641 1833 757 1911 πρῶτων
775 1854 804 1890 τε
826 1833 870 1889 καί
890 1834 981 1907 μέσων
998 1835 1043 1888 καί
1063 1832 1239 1892 τελευταίων.
1257 1831 1362 1903 Ἐπειδὴ

243 1931 294 2010 γάρ
309 1933 337 1988 αί
349 1933 396 2007 μέν
406 1937 506 1989 Βάττον
520 1932 747 1990 ἀποααθίστανται
757 1931 811 1988 τῶν
823 1935 930 2012 ψυχῶν,
943 1933 971 1987 αί
983 1929 1012 1988 δὲ
1026 1929 1200 2011 βραδῦτερον,
1213 1929 1304 2002 ἐπειδὴ
1317 1932 1362 1988 καί

244 2031 272 2086 αἳ
285 2030 334 2105 μέν
347 2030 444 2108 ὀλίγης
457 2030 613 2109 καθάρσεως
628 2028 745 2102 δέονται,
762 2031 790 2087 αί
804 2027 833 2086 δὲ
846 2030 988 2102 πλείονος,
1004 2030 1049 2086 καί
1062 2025 1133 2086 ἔστιν
1149 2031 1163 2086 ὀ
1179 2030 1229 2103 μὶν
1242 2029 1304 2108 τρία
1323 2029 1362 2092 ῶς

181 2140 211 2188 15
243 2128 271 2186 έν
292 2128 414 2186 ίλάττονι
434 2129 538 2208 ἀριθμῷ
559 2127 661 2193 τέλειος
676 2129 764 2208 ἀρχάς
787 2128 833 2185 καί
857 2129 925 2204 μέσα
943 2129 989 2185 καί
1007 2127 1089 2193 τέλος
1110 2125 1194 2208 έχων,
1217 2130 1232 2185 ὀ
1253 2127 1281 2185 δέ
1301 2126 1363 2185 δέκα

241 2225 320 2284 πάλιν
334 2227 379 2284 καί
395 2225 474 2291 αιἰτός
486 2224 588 2292 τέλειος
602 2225 662 2284 κατ’
675 2224 746 2284 ἀλλο
760 2225 831 2292 εἶδος
845 2227 986 2305 γινόμενος
1001 2227 1102 2291 πάντας
1116 2227 1179 2292 τοῦς
1192 2226 1321 2306 ἀριθμοὺς
1336 2227 1363 2282 ἐν

243 2327 328 2404 ἑαυτῷ
345 2327 490 2408 περιέχων,
509 2327 555 2384 καί
574 2321 644 2382 ἔστιν
663 2328 678 2383 ὀ
698 2327 747 2401 μέν
766 2327 828 2406 τρία
847 2325 981 2404 ἀνάλογον
999 2331 1036 2404 τῷ
1056 2325 1202 2406 τρισχιλια,
1223 2327 1238 2382 ὀ
1258 2324 1286 2382 δέ
1300 2321 1364 2382 δέκα

242 2428 279 2504 τῷ
294 2423 377 2503 μύρια
392 2423 492 2502 (μονὰς
503 2425 554 2504 γάρ
566 2447 605 2488 τις
616 2425 741 2503 ἑκάτερος
755 2425 845 2482 αὐτῶν
859 2427 903 2482 καί
917 2425 1083 2503 περιεκτικός
1095 2424 1203 2480 πάντων
1216 2423 1362 2504 ἀριθμῶν),

244 2520 288 2578 διά
301 2527 381 2580 τοῦτο
396 2527 435 2600 τῷ
449 2519 587 2602 τρισχίλια
601 2522 646 2579 καί
661 2527 699 2601 τῷ
715 2523 798 2602 μόρια
813 2522 961 2602 ἐχρήσατο,
979 2519 1073 2594 δηλῶν
1088 2521 1128 2578 ὀτι
1143 2523 1171 2578 αἱ
1187 2522 1236 2595 μέν
1254 2521 1365 2601 ριλοσο-

179 2625 212 2676 20
244 2621 362 2700 φήσασαι
378 2620 493 2685 τελείως
512 2618 547 2678 δι’
562 2620 707 2685 ἐλάττονος
722 2621 823 2701 χρόνου
842 2621 1072 2678 ἀποκαθίστανται
1093 2620 1131 2684 είς
1145 2620 1177 2676 τδ
1192 2619 1300 2692 νοητὸν,
1318 2621 1364 2675 ἀτε

243 2717 373 2792 οὐδεμιᾶς
386 2718 404 2789 ἣ
420 2717 519 2798 ὀλίγης
534 2720 690 2798 καθάρσεως
705 2717 841 2794 δεόμενοι,
859 2721 887 2775 αί
903 2716 931 2776 δέ
947 2716 1050 2777 πολλαί
1066 2717 1110 2775 διά
1125 2716 1250 2781 πλείονος
1265 2719 1364 2798 χρόνου

243 2816 477 2888 ἀποκαθίστανεαι,
498 2817 545 2874 άτε
562 2814 673 2889 πολλῆς
694 2815 834 2880 κολάσεως
857 2818 900 2874 καὶ
921 2815 1078 2896 καθάρσεως
1099 2815 1261 2898 χρῄζουσαι.
1280 2817 1329 2870 Καὶ
1350 2816 1364 2871 ὀ

241 2914 322 2995 χίλια
339 2913 368 2972 δέ
383 2913 481 2994 μέτρον
498 2937 525 2971 τι
539 2914 617 2988 δηλοῖ
631 2915 802 2988 τελειθτητος
817 2923 865 2988 τῆς
882 2916 999 2993 ῦπόγῆν
1013 2912 1213 2992 καθαιρομένης
1229 2917 1333 2993 ψυχῆς,
1350 2914 1364 2969 ὀ
1446 2971 1450 2977 ,

243 3012 345 3094 ἔχουσα
363 3007 470 3092 ἔρχεται
488 3011 567 3070 πάλιν
588 3014 628 3077 είς
644 3015 758 3092 γένεσιν,
778 3013 824 3070 καί
842 3012 923 3071 πάλιν
942 3013 1055 3071 ἐνταῦθα
1073 3013 1092 3082 ἢ
1113 3010 1142 3069 εῦ
1161 3011 1179 3082 ἢ
1199 3017 1290 3074 κακῶς
1307 3009 1364 3067 δια-

180 3119 212 3170 25
246 3113 349 3182 ζήσασα
366 3111 493 3192 τυγχάνει
511 3112 563 3168 ὀπό
581 3119 633 3189 γῆν
651 3119 701 3184 τῆς
720 3111 901 3192 ὀφειλομένης
921 3110 1106 3182 τελειότητος·
1126 3109 1196 3166 ὥστε
1210 3109 1240 3166 οῦ
1255 3109 1363 3172 πάντως

243 3209 274 3264 τὸ
288 3213 418 3265 τοσοῦτον
432 3205 540 3279 πλῆθος
556 3213 611 3264 τῶν
629 3207 697 3265 έτῶν
714 3207 843 3280 δηλοῦσιν
859 3207 918 3267 αίδε
933 3211 962 3266 αί
981 3207 1111 3287 περίοδοι,
1131 3208 1170 3270 ῶς
1187 3207 1296 3270 πάντως
1322 3203 1364 3262 διά

244 3307 373 3364 τοσούτου
392 3307 492 3387 χρόνου
509 3307 762 3382 ἀποκαθισταμένων
777 3313 832 3364 τῶν
846 3312 954 3388 ψυχῶν,
975 3306 1049 3363 ἀλλά
1067 3301 1242 3380 συμόολικῶς
1256 3302 1364 3362 τελειό-

136 3423 158 3472 t·
168 3423 229 3472 631·
245 3406 328 3477 τητός
347 3428 374 3462 τι
393 3405 491 3463 οἰκεῖον
511 3407 607 3484 μέτρον
628 3403 767 3482 δηλοῦσιν,
789 3407 804 3462 δ
820 3407 852 3462 τὸ
871 3414 1010 3485 προσῆκον
1030 3400 1209 3462 άπολαόοῦσα
1227 3403 1231 3481 Ι
1249 3405 1267 3474 ὴ
1288 3404 1363 3482 ψυχά,

245 3505 289 3560 καί
304 3506 353 3574 τήν
371 3505 467 3575 ἑαυτῆς
480 3509 584 3584 σχοῦσα
598 3503 760 3576 τελειότητα
774 3503 993 3562 ἀποκαθίσταται.

184 3663 216 3712 30
288 3637 353 3721 μς’.’
369 3647 405 3704 Αί
428 3643 461 3703 δέ
482 3645 579 3704 Ιοίλλαι
601 3647 677 3705 ὅταν
698 3648 752 3706 τόν
774 3655 903 3729 πρῶτον
927 3649 1015 3731 βίον]
1037 3651 1095 3710 249
1118 3653 1157 3712 Α.

286 3795 418 3869 Πρῶτον
432 3791 480 3866 μέν
497 3791 570 3867 βίον
585 3789 670 3871 λέγει,
687 3794 717 3849 δν
729 3795 824 3850 νεωστί
838 3793 1005 3873 κατελθοῦσα
1018 3794 1070 3851 ἀπὸ
1085 3800 1132 3851 τοῦ
1146 3798 1275 3867 νοητοῦὴ
1289 3797 1364 3876 ψυχὴ

246 3885 324 3964 διαζῇ
339 3888 460 3948 ἐνταῦθα.
478 3887 586 3961 Ἐπειδὴ
602 3889 631 3946 δὲ
643 3892 729 3973 κρίσις
745 3893 783 3956 ῶς
799 3891 826 3948 έν
840 3892 937 3950 πλάτει
950 3895 1041 3973 τριττή
1059 3893 1125 3966 έστι,
1141 3895 1201 3974 περί
1216 3901 1266 3965 τῆς
1283 3895 1367 3968 μέσης

247 3985 322 4065 λέγει
342 3985 463 4048 ἐνταῦθα.
485 3987 558 4044 Ἔστι
578 3990 628 4068 γάρ
649 3991 741 4069 πρώτη
767 3991 816 4066 μὲν
837 3992 924 4071 κρίσις
944 3995 962 4063 ί,
984 3992 1054 4070 αὐτῷ
1075 3997 1113 4069 τῷ
1135 3993 1176 4049 Διί
1197 3993 1243 4050 σῦν
1263 3993 1365 4070 Αἰακῷ,

279 4171 296 4221 8
312 4174 376 4241 Rop.
390 4177 417 4227 X
431 4178 478 4229 615
495 4179 543 4230 DE

259 4351 261 4356 ,
277 4279 338 4331 TlT
355 4281 385 4331 32
400 4279 483 4348 τριττὴ
498 4281 568 4344 (cod.
582 4281 649 4345 διττὴ
664 4281 713 4333 sod
727 4282 764 4332 01.
782 4281 837 4344 NG)
854 4286 869 4346 ἡ
883 4285 965 4350 κρίσις
979 4282 1000 4332 C

278 4373 507 4432 Νὒάαίνίττεται
528 4380 555 4430 Μ
619 4385 693 4446 φασίν
713 4383 757 4434 vel
773 4383 888 4449 [ρηοίνΠ
952 4387 1118 4445 3τινος,ίο·τι
1137 4387 1162 4434 Α
1226 4383 1314 4450 θῆῙῆ
1337 4385 1366 4434 Μ

307 4452 323 4501 θ
340 4451 557 4518 φιλοσοφήσασαν]
574 4453 745 4518 φιλοσοφήσας
761 4456 789 4504 Μ
854 4459 868 4506 7
884 4458 927 4507 καί
941 4459 1102 4524 τρισμυρίους
1116 4481 1147 4494 -·
1162 4459 1367 4520 ἀποκαταστῆναι

245 4535 300 4573 om.
324 4523 354 4573 Μ
418 4523 448 4572 1³
472 4526 564 4574 θάττων
589 4524 617 4573 Μ
683 4526 712 4576 14
736 4531 770 4584 ῶς
792 4540 848 4576 om.
871 4529 898 4577 M
964 4527 994 4579 15
1016 4526 1123 4595 ἀριθμῷ]
1148 4529 1251 4595 άριθμδς
1272 4527 1302 4577 Μ

245 4595 390 4646 θθτόοιιι.
411 4595 440 4644 Μ
505 4595 536 4644 30
552 4599 578 4646 σί
594 4595 669 4646 rubr.
692 4601 717 4648 Α
780 4598 810 4648 ³2
826 4598 918 4665 τριετῆ]
935 4599 1001 4663 διττή
1018 4599 1070 4650 MC
1081 4600 1118 4649 ot.
1132 4612 1196 4662 quae
1211 4603 1367 4662 sequuntur

308 4665 337 4716 ³³
355 4667 422 4734 αὐτῷ
436 4675 472 4734 τῷ
489 4666 538 4729 Διί]
557 4667 618 4718 tort.
635 4669 711 4720 αὑτοῦ
730 4672 774 4721 τοῦ
790 4671 849 4729 Διδς
863 4671 1023 4734 legendum,
1039 4671 1091 4721 nisi
1105 4670 1236 4722 malueris
1249 4671 1318 4738 αὐτῷ
1331 4679 1366 4737 τῷ

247 4737 286 4787 Διί
302 4755 347 4788 συν
362 4741 458 4797 <οῦσα
472 4740 547 4798 καί)
561 4739 651 4808 Αίακῷ
