3600 5734
486 486 533 538 182
865 477 1006 529 firmor
1026 479 1222 530 ΦΙΛΟΣΟΦΟΥ

368 643 449 714 [160]
525 630 580 688 κε’.
603 625 726 687 Ἰδόντα
745 627 774 686 δ’
796 628 903 711 αύτόν]
926 631 983 690 251
1006 629 1044 690 Α.

524 795 653 856 δοῦλεται
673 795 760 856 εῖπεῖν
777 795 810 854 τά
828 793 1008 874 συμδαῖνοντα
1025 797 1086 877 αερῖ
1102 797 1153 868 τήν
1171 793 1238 854 θάαν
1256 797 1303 854 καῖ
1318 799 1370 871 τήν
1390 799 1542 876 ἀνάμνησιν
1557 812 1604 863 τοῦ

482 901 583 968 νοητοῦ
599 891 826 966 κάλλους-ἰδόντα
841 896 873 952 τδ
892 893 996 962 κάλλος
1012 895 1059 952 καὶ
1078 895 1109 952 tx
1123 893 1218 952 τούτου
1233 894 1504 975 ἀναπεμπαζόμενον
1521 899 1564 958 δαὶ
1576 903 1605 959 τό

481 991 581 1066 νοητόν
594 990 700 1057 κάλλος·
719 991 753 1050 όκ
768 993 820 1073 γὰρ
838 1001 894 1065 τῆς
913 992 1030 1074 φρῖκης
1050 986 1219 1068 μεταόολή
1241 989 1421 1068 λαμόάνει·
1445 994 1522 1066 διττή
1542 995 1605 1070 δὶῆ

433 1093 448 1142 5
482 1087 636 1168 μεταθολή,
651 1093 670 1161 ἡ
686 1090 735 1165 μἐν
754 1091 806 1147 άπθ
824 1095 872 1148 τοῦ
890 1095 987 1162 νοητοῦ
1007 1089 1050 1146 ἐπὶ
1067 1089 1117 1160 τὴν
1129 1087 1233 1167 γόνασιν
1249 1086 1404 1164 μεταδολὴ,
1422 1096 1457 1165 ἣν
1470 1093 1518 1152 καὶ
1532 1095 1605 1152 ἀπό·

479 1211 606 1250 κτωσιν
625 1187 684 1248 εῖπε
699 1197 749 1261 τῆς
767 1192 871 1270 ψυχῆς,
886 1193 904 1261 ἢ
919 1187 948 1246 δὶ
961 1189 1014 1245 ἀπὸ
1032 1196 1083 1260 τῆς
1099 1187 1229 1266 γενύσεως
1244 1185 1288 1244 ἀπὶ
1302 1189 1333 1246 τδ
1347 1190 1459 1264 νοητόν,
1478 1195 1513 1264 ἣν
1528 1195 1606 1252 θάαν

480 1289 570 1348 καλεῖ.
593 1292 645 1344 Νῦν
665 1285 711 1344 οῦν
732 1289 793 1368 αερῖ
813 1295 863 1360 τῆς
884 1287 1091 1368 πτεροφυήσεως
1111 1283 1239 1364 βούλεται
1259 1287 1344 1344 εἰπεῖν
1363 1294 1425 1354 πῶς
1445 1289 1560 1372 ἄρχεται
1577 1293 1606 1348 τό

480 1389 581 1470 πτερὸν
601 1384 736 1466 ἀρδεαθαι·
756 1386 842 1444 πάντα
861 1384 891 1444 δδ
908 1391 993 1444 ταῦτα
1016 1389 1206 1466 μεταφορικῶς
1227 1381 1313 1464 λέγει.
1337 1384 1462 1466 Ὶδρόις,
1486 1391 1608 1448 τουτέστι

481 1494 560 1552 θεῖος
573 1483 665 1566 ῖδρύς·
682 1483 792 1543 ἐνταῦθα
802 1485 854 1564 γάρ
869 1483 935 1542 οῦσα
948 1487 967 1556 ἡ
982 1485 1057 1564 ψυχὴ
1072 1487 1112 1558 τῷ
1123 1479 1181 1539 ἀντι
1195 1481 1278 1563 ῖδροῖ,
1290 1481 1345 1549 ἕως
1360 1485 1393 1541 οὗ
1406 1483 1608 1566 καταδράξηται

419 1583 451 1634 1⁰
481 1593 530 1647 τοῦ
545 1589 656 1658 νοητοῦ·
671 1591 720 1655 τῆς
734 1583 781 1642 οῦν
794 1583 926 1662 γινῖσεως
940 1583 1055 1657 σημεῖόν
1070 1581 1140 1638 όστιν
1155 1583 1170 1638 ό
1184 1579 1279 1660 ἱδρώς·
1300 1580 1401 1662 ἱδρὼς
1420 1582 1470 1642 οῦν
1485 1592 1606 1652 τοιοῦτος

482 1680 648 1762 λαμόάνει
668 1683 705 1747 ὡς
726 1683 871 1740 ἀποθέσθαι
890 1684 940 1754 τὴν
957 1681 1148 1762 γενεσιουργόν
1166 1679 1310 1760 ἀνέργειαν.
1333 1679 1365 1738 Ἡ
1387 1679 1416 1738 δὲ
1437 1687 1607 1764 θερμότης

482 1782 557 1848 οἶδας
577 1781 620 1838 ότι
640 1782 738 1854 ζωτικό,
761 1779 826 1838 ἐστι·
845 1781 892 1837 καὶ
910 1779 962 1861 γάρ
974 1779 1020 1836 καὶ
1036 1778 1069 1836 τά
1083 1777 1196 1836 ἐνταῦθα
1211 1778 1299 1836 πάντα
1312 1777 1355 1836 διδ
1370 1788 1420 1852 τῆς
1434 1783 1607 1862 θερμότητος

482 1882 606 1957 σῴζεται·
630 1875 703 1936 ἔσται
722 1878 770 1937 οῦν
791 1883 810 1951 ἡ
829 1880 967 1960 θερμότης
984 1881 1003 1950 ἡ
1022 1877 1161 1956 ἀναγωγός
1182 1874 1296 1952 δύναμις
1315 1886 1367 1950 τῆς
1387 1882 1481 1961 ψυχῆς
1499 1889 1551 1954 τῆς
1566 1879 1607 1939 διά

482 1981 565 2062 πυρός
582 1979 672 2050 ζώσης
685 1982 742 2035 τῶν
757 1984 874 2051 νοητῶν.
890 1977 926 2034 Τό
942 1975 971 2035 δὶ
985 1977 1089 2050 ἀήθης
1102 1976 1178 2034 εἶπεν
1192 1973 1285 2046 δπτιδὴ
1300 1976 1354 2056 πρὸ
1368 1978 1467 2036 τούτου
1482 1980 1535 2037 ούκ
1550 1982 1608 2062 εἶχε

421 2076 451 2128 15
483 2079 611 2150 τοιαύτην
630 2077 800 2157 θερμότητα,
821 2075 848 2133 δν
868 2075 924 2151 όσψ
942 2078 976 2147 ἦν
992 2075 1054 2156 περὶ
1074 2075 1125 2144 τὴν
1142 2075 1247 2153 γένεσιν
1268 2073 1499 2156 ἀναστρεφομένη·
1523 2081 1607 2152 μήπω

481 2179 533 2258 γάρ
551 2177 752 2252 ἀναμνησθεῖσα
770 2179 827 2232 τῶν
843 2178 960 2246 νοητῶν,
981 2170 1057 2229 οὕτω
1080 2171 1141 2254 εἶχε
1161 2172 1289 2244 τοιαύτην
1307 2174 1468 2252 θερμότητα
1486 2174 1604 2256 ἐνεργόν.

485 2271 593 2346 Ἐπειδὴ
608 2272 637 2332 δε
651 2271 750 2353 ἤρξατο
762 2272 1023 2349 ἀναμιμνῄσκεσθαι,
1037 2271 1214 2350 θερμαόνεται
1225 2271 1271 2328 καὶ
1285 2270 1424 2351 ἀνάγεται·
1440 2273 1487 2330 καὶ
1498 2273 1551 2354 γάρ
1562 2275 1606 2331 καὶ

485 2374 597 2432 ἐνταῦθα
610 2376 628 2444 ἡ
645 2372 784 2454 θερμότης
797 2371 923 2453 ἀναφὲρει
936 2370 967 2427 τό
984 2370 1066 2450 ὑγρόν
1081 2369 1123 2426 ἐπὶ
1136 2369 1167 2426 τὸ
1182 2367 1249 2431 ἀνω.

524 2550 579 2616 κδ’.
604 2551 789 2629 Δεξάμενος
811 2553 871 2632 γάρ
891 2554 948 2609 τοῦ
968 2547 1130 2634 κάλλους]
1152 2551 1209 2610 251
1232 2549 1269 2611 Β.

424 2717 455 2768 20
527 2708 584 2765 Διά
600 2708 652 2788 γὰρ
669 2711 732 2764 τῶν
746 2707 906 2783 ὀμμάτων
921 2711 940 2780 η
955 2707 1105 2784 ἀνάμνησις
1119 2706 1233 2788 γόνεται.
1248 2708 1312 2779 Τήν
1326 2705 1356 2766 δδ
1371 2707 1536 2790 ἀπορροὴν
1551 2709 1606 2767 ἀντδΙ

380 2815 471 2867 Μθε·
487 2814 535 2864 τοῦ
558 2805 660 2864 εἴδωλα
681 2810 728 2862 τοῦ
752 2804 881 2870 κάλλους.
902 2841 941 2850 -
962 2802 1159 2882 Δεξάμενος,
1181 2804 1273 2878 ἐπειδὴ
1296 2804 1302 2885 Ι
1326 2813 1447 2884 μερικῶς
1468 2813 1524 2865 τῶν
1542 2806 1608 2884 τῇδε

487 2900 726 2981 ἀντιλαμθάνεται.
743 2938 783 2950 -
798 2903 994 2984 Ἐθιρμάνθη
1008 2903 1037 2962 δὶ
1049 2904 1105 2962 ἀντὶ
1119 2909 1167 2963 τοῦ
1179 2905 1340 2982 ἀποκινήθη,
1355 2905 1422 2962 καθὸ
1434 2909 1453 2977 ἢ
1468 2906 1608 2986 ἀναγωγός

488 3005 570 3076 αὐτῆς
586 3001 699 3079 δύναμις
710 3001 821 3084 ἄρχεται
835 3001 970 3084 ἄρδεσθαι,
982 3004 1074 3085 ὥσπερ
1088 3005 1133 3062 καὶ
1144 3005 1244 3065 ἀνθεῖν.
1259 3005 1310 3061 Τόν
1325 3002 1405 3062 αύτδν
1420 3002 1561 3085 δὲτρόπον
1577 3003 1607 3062 δν
1638 3044 1640 3061 .

487 3101 563 3164 εἴποι
582 3125 622 3168 τις
638 3102 681 3160 ἀπὶ
698 3107 753 3159 τῶν
768 3100 892 3160 καλύκων
909 3108 963 3160 τῶν
978 3101 1066 3181 ῥόδων
1083 3103 1123 3160 ότι
1139 3102 1279 3179 μεμυκότα
1294 3101 1360 3176 ἐστὶ,
1378 3104 1567 3183 θερμανθέντα
1581 3101 1607 3161 δε

425 3210 456 3260 25
489 3199 661 3271 ἀξαπλοῦται·
677 3201 750 3280 λόγοι
764 3199 792 3258 δὲ
806 3203 866 3282 περὶ
881 3209 930 3273 τῆς
944 3201 1118 3268 όξαπλώσειος
1133 3203 1178 3260 καὶ
1190 3201 1285 3260 ἀνόδου
1299 3209 1348 3274 τῆς
1363 3204 1465 3283 ψυχῆς.
1479 3237 1521 3247 -
1532 3211 1607 3283 Θερ-

490 3301 654 3378 μανθόντα
673 3297 705 3356 δὲ
720 3298 830 3373 ἐτάκη·
847 3301 908 3358 τότε
918 3302 968 3380 γάρ
982 3303 1016 3372 ἦν
1031 3301 1274 3378 συμμεμυκότα
1291 3301 1351 3359 ύπδ
1366 3299 1605 3382 σκληρότητος,

488 3405 534 3456 νῦν
554 3397 583 3456 δὲ
601 3398 701 3471 ἐτάκη
720 3399 766 3454 καὶ
785 3396 896 3472 διελύθη
914 3399 958 3455 καὶ
979 3397 1077 3456 εὔλυτα
1093 3401 1191 3480 γέγονε
1208 3398 1294 3457 πάντα
1307 3399 1340 3455 τά
1354 3400 1528 3480 γενεσιουργά
1541 3401 1607 3480 πρὸς

489 3497 645 3576 ἀναγωγήν.
662 3497 776 3553 Δύναται
794 3494 823 3553 δὶ
838 3497 869 3554 τὸ
886 3497 986 3570 ἐτάκη
1003 3498 1041 3562 ὡς
1054 3496 1097 3554 ἀπὶ
1112 3504 1159 3554 τοῦ
1173 3505 1261 3579 κηροῦ
1277 3493 1475 3573 λαμδάνεσθαι,
1492 3497 1549 3555 ἀντὶ
1562 3503 1607 3556 τοῦ

490 3595 601 3668 διελύθη
611 3597 656 3653 καὶ
667 3593 803 3667 ἧπλωται·
819 3597 864 3654 καὶ
878 3595 928 3676 γάρ
939 3597 953 3652 ό
963 3597 1048 3675 κηρός
1063 3597 1214 3672 τηκόμενος
1228 3597 1323 3678 χὲεται
1335 3596 1381 3653 καὶ
1395 3593 1545 3657 διαλύεται.
1559 3597 1608 3654 Καὶ

428 3697 459 3750 θΟ
491 3695 603 3752 ἐνταῦθα
622 3691 651 3751 δὶ
669 3699 783 3769 σημεῖον
800 3698 892 3775 ψυχῆς
913 3692 1060 3761 σπουδαίας
1079 3696 1242 3772 ποιούμεθα,
1262 3696 1293 3754 τό
1313 3690 1339 3762 ἐξ
1356 3693 1457 3774 όλύγων
1479 3695 1607 3777 ἀφορμῶν

490 3793 534 3850 καὶ
550 3791 721 3867 μαθημάτων
735 3790 828 3851 πολλὰ
842 3791 969 3850 δύνασθαι
983 3800 1081 3853 τεκεῖν.
1099 3795 1149 3851 Καὶ
1167 3794 1281 3852 ἐνταῦθα
1296 3791 1343 3852 οὖν
1362 3792 1392 3849 όκ
1410 3799 1463 3865 τῆς
1481 3793 1547 3858 θύας
1566 3794 1608 3850 καὶ

490 3901 541 3963 τῆς
557 3885 715 3972 προσθολῆς
729 3896 777 3948 τοῦ
791 3889 911 3956 κάλλους
926 3892 1006 3974 φησὶν
1018 3891 1058 3949 ότι
1072 3892 1258 3974 ἐθερμάνθη
1273 3893 1318 3950 καὶ
1331 3891 1450 3965 ἠπλώθη
1465 3892 1510 3949 καὶ
1525 3891 1567 3950 ἐπὶ
1577 3891 1608 3949 τά

492 3988 545 4047 όλα
562 3988 687 4048 ἀνελθεῖν
707 3988 827 4063 ἠδυνήθη
850 3991 887 4048 τά
908 3993 982 4071 περὶ
1002 3994 1060 4064 τήν
1079 3987 1222 4074 ἔκφυσιν,
1246 3993 1263 4049 δι
1285 3989 1370 4049 πάλαι
1393 3991 1444 4050 ὑπὸ
1467 3989 1608 4072 σκληρό-

524 4251 570 4302 Nc
593 4253 606 4301 1
630 4253 722 4313 ἰδόντα,
746 4251 754 4302 ’ἱ
778 4249 851 4301 rubr.
872 4252 896 4301 A
964 4252 990 4304 δὲ
1013 4253 1040 4302 Μ
1110 4254 1124 4303 θ
1149 4255 1224 4305 ῖδόντι
1245 4257 1272 4304 et
1295 4251 1549 4319 ἀναπεμπαζομόνῳῖ

491 4323 506 4372 7
528 4321 584 4389 ούν]
604 4323 630 4375 δὲ
649 4323 677 4372 Μ
744 4321 774 4373 10
793 4327 897 4387 σημεῖον
920 4325 985 4374 ἀστόν
1005 4327 1029 4374 Α
1093 4325 1123 4376 12
1142 4327 1232 4376 δοτῖΑ
1295 4324 1344 4391 γάρ
1364 4321 1416 4389 καὶ]
1435 4323 1501 4376 κατά
1520 4323 1547 4374 M

494 4395 521 4444 1⁴
547 4393 639 4460 ζώσης]
664 4397 688 4444 Α
713 4400 816 4458 ζωτικῆς
840 4393 868 4445 Μ
934 4393 992 4462 πρὸ]
1021 4397 1083 4464 πρδς
1112 4397 1141 4446 Μ
1207 4395 1236 4446 17
1262 4397 1306 4447 καὶ
1334 4401 1395 4459 post
1422 4394 1470 4462 γάρ
1498 4407 1552 4446 om.
1582 4395 1609 4445 Μ

554 4465 585 4516 18
607 4468 721 4534 ἀναφέρω
741 4468 765 4516 Α
829 4465 859 4516 19
880 4464 1021 4530 δεξάμενος,
1043 4469 1056 4518 δ
1078 4467 1152 4518 rubr.
1175 4469 1198 4517 Α
1261 4467 1292 4518 25
1314 4469 1477 4525 δξαπλοῦνται
1497 4465 1549 4516 ΕΜ

491 4579 564 4632 25·26
579 4580 753 4648 θερμανθέντα]
768 4550 901 4648 θερμανθίύ
916 4585 939 4632 Α
955 4597 961 4632 :
978 4585 1151 4651 θερμανθάντος
1168 4584 1257 4636 Plat.:
1272 4581 1404 4651 θερμανθὲν
1423 4581 1451 4632 M
1514 4583 1548 4634 θθ
1563 4584 1610 4635 ύπδ

494 4653 660 4718 σκληρότητος
678 4655 858 4717 συμμεμυκότα
870 4653 939 4705 plat.
1003 4655 1033 4706 28
1050 4655 1093 4722 ὡς]
1104 4659 1146 4707 καὶ
1161 4656 1188 4706 Μ
1254 4655 1283 4704 33
1297 4661 1340 4716 τῆς
1353 4657 1521 4720 σκληρότητος
1535 4653 1562 4704 Μ
