3538 5686
444 579 505 645 m
520 594 581 644 τον
603 594 778 646 numios
800 595 943 648 οειοεον
968 596 1089 647 εποιιι
1296 607 1327 659 15

145 753 189 818 [M]
211 747 254 802 καῖ
275 745 400 828 ἀνωτέρω
423 749 494 828 παρὰ
516 753 563 804 τοῦ
588 750 746 829 Σωκράτους
765 751 920 828 μεμάθηκε·
941 758 980 827 τῷ
1004 753 1159 834 φαινομένῳ
1181 751 1227 812 οίιν
1246 777 1326 835 προσ-

210 846 283 926 έχων
296 841 393 903 έλαθεν
407 844 531 921 ἐμπεσὼν
545 847 582 911 εἰς
598 847 629 904 τό
644 847 897 927 έπικεκαλυμμένον
915 851 960 907 καὶ
979 851 1087 924 νοητὸν,
1109 849 1200 910 εῖτουν
1217 854 1328 935 κρύφιον

209 947 253 1000 καὶ
269 941 350 1019 μόλις
366 942 532 1024 διοριθμενον
548 945 639 1026 (τοῦτο
654 949 705 1026 γάρ
726 947 756 1004 τὸ
778 947 923 1029 Φαῖδρος
943 946 1047 1030 δηλοῖ),
1069 951 1115 1006 καὶ
1135 951 1187 1008 άπδ
1205 951 1326 1015 κάλλους

211 1044 248 1106 είς
276 1041 379 1108 κάλλος
404 1031 541 1119 ’μετῆλθεν
569 1046 608 1108 ῶς
637 1045 706 1102 εῖναι
733 1046 817 1104 τόπον
840 1047 872 1103 οὗ
897 1045 994 1123 μέλλει
1016 1050 1184 1122 μαθήσεσθαι
1210 1049 1240 1107 τό
1263 1047 1327 1130 παρ’

167 1149 181 1197 5
211 1141 313 1199 ἐκείνου
338 1141 539 1220 γινωσκόμενον
564 1142 659 1204 καλόν.
689 1142 825 1203 Ἐντεῦθεν
850 1147 895 1202 καί
923 1143 994 1204 άλλο
1021 1169 1047 1202 τι
1075 1149 1258 1224 μανθάνομεν,
1288 1148 1326 1212 ῶς

211 1242 298 1321 όρμήν
310 1237 419 1322 ἔχοντες
435 1242 472 1304 είς
487 1242 517 1297 τὸ
532 1241 633 1320 άγαθὸν
647 1243 693 1298 καῖ
706 1242 858 1322 προθυμίαν
872 1244 918 1300 καὶ
933 1239 1033 1325 έφεσιν,
1056 1245 1079 1303 εί
1099 1247 1144 1302 καὶ
1158 1246 1328 1327 σφαλοίμεθα

209 1339 346 1402 πολλάκις
366 1337 452 1396 διὰτὸ
466 1340 639 1420 φαινόμενον,
654 1338 720 1400 ἀλλ’
743 1339 789 1398 οὖν
810 1343 841 1398 τὸ
863 1341 893 1400 ὂν
914 1341 1115 1417 διδασκόμενοι,
1138 1343 1169 1401 οίι
1190 1343 1327 1409 δυσπετῶς

209 1432 312 1518 ἔχομεν
326 1438 393 1517 πρὸς
409 1437 474 1494 αιἰτδ
493 1439 542 1495 iu
556 1445 603 1510 τῆς
618 1443 709 1520 ψυχῆς
722 1443 804 1514 ήμῶν
824 1442 1048 1522 προκατεχοόσης
1065 1441 1141 1514 αὐτὸ,
1165 1443 1189 1501 εί
1202 1443 1248 1500 καί
1267 1442 1328 1522 περὶ

208 1538 239 1592 τὸ
253 1543 366 1615 πρᾶγμα
379 1537 516 1607 ήπόιτητο·
535 1537 557 1593 εί
572 1538 624 1617 γὰρ
639 1539 677 1612 μή
694 1539 708 1594 ό
723 1535 840 1618 Φαῖδρος
858 1539 976 1606 κάλλους
990 1539 1089 1621 έφίετο,
1107 1539 1207 1631 οόκιθν
1225 1538 1329 1605 κάλλος

151 1637 181 1687 10
210 1635 354 1710 ἐμάνθανε.

250 1728 326 1800 Δόξαι
355 1733 405 1810 μλν
432 1733 612 1816 ἀντιστρόφως
640 1731 725 1815 ἔχειν.
761 1729 881 1818 Ἑξαχῶς
908 1737 960 1817 γάρ
985 1745 1035 1808 τῆς
1068 1739 1202 1809 κινήσεως
1230 1735 1325 1812 οὔσης,

208 1834 327 1894 ποθὲν...
350 1853 399 1890 ποι
418 1833 468 1904 τήν
489 1831 572 1914 φοράν
591 1833 760 1908 ῶνομάκασι·
783 1840 948 1914 προηγεῖται
966 1835 1056 1892 τοίνυν
1075 1835 1106 1892 τό
1125 1835 1237 1908 πόθεν,
1260 1835 1328 1892 έπέ-

209 1953 287 2012 γεται
302 1931 330 1990 δέ
344 1933 376 1988 τὸ
390 1938 458 1991 ποῖ.
473 1929 552 1989 Ἀλλ’
567 1929 637 1988 ἔστιν
654 1933 739 1990 εἰπεῖν
755 1930 875 2012 λογικῶς
893 1933 942 2008 μὶν
957 1935 995 1998 ῶς
1012 1937 1030 2005 ή
1052 1933 1100 2008 μέν
1119 1933 1224 2006 κίνησις
1239 1933 1327 2014 ἀρχήν

211 2033 259 2107 μὶν
280 2029 341 2112 ἔχει
362 2031 393 2087 τὸ
413 2031 507 2103 πόθεν,
531 2031 561 2086 τδ
584 2027 613 2087 δέ
633 2037 680 2088 ποῖ
700 2028 843 2104 τελευτήν,
866 2035 884 2103 ή
908 2029 936 2088 δέ
956 2037 1002 2089 τοῦ
1022 2029 1180 2108 κινουμένου
1201 2033 1326 2112 πρόθεσις

150 2129 178 2180 15
209 2131 309 2187 ὡσανεί
331 2151 392 2186 τινα
415 2129 502 2209 άρχήν
526 2129 557 2184 τὸ
579 2135 628 2186 ποῖ
654 2125 723 2210 ἔχει·
750 2131 774 2186 εί
796 2132 847 2210 γάρ
872 2133 911 2205 μή
936 2133 1042 2202 κινήσει
1063 2136 1159 2188 τοῦτον
1187 2128 1261 2203 άλλη
1285 2152 1325 2194 τις

209 2225 327 2310 ἔμφυτος
343 2225 430 2307 ὄρεξις
445 2227 482 2291 εἷς
496 2225 595 2300 έκεῖνο,
613 2226 662 2284 οὐκ
680 2226 712 2284 ἂν
728 2227 848 2286 ἐντεῦθεν
862 2230 1001 2308 ὁρμήσειε·
1019 2231 1057 2303 μή
1074 2229 1157 2305 μόνον
1173 2226 1201 2286 δέ
1216 2228 1257 2286 ἐπὶ
1270 2233 1326 2285 τῶν

112 2323 193 2375 1‘20V'
210 2328 289 2402 ζῴων
314 2327 318 2406 Ι
343 2327 418 2386 άλλά
437 2327 481 2382 καὶ
502 2323 544 2382 ἐπ’
567 2326 731 2383 αὐτῶντῶν
752 2332 883 2407 φυσικῶν·
906 2329 955 2399 τήν
979 2328 1031 2406 γάρ
1053 2329 1089 2393 είς
1113 2327 1205 2406 ὑγείαν
1224 2327 1328 2398 κίνησιν

209 2425 332 2506 ὑγίανσίν
352 2447 441 2508 φαμεν
461 2426 506 2482 καὶ
527 2427 576 2496 τήν
598 2425 635 2489 είς
658 2425 736 2483 νόσον
756 2426 890 2500 νόσσνσιν,
915 2428 953 2491 ὡς
976 2427 1006 2484 έκ
1025 2432 1080 2484 τῶν
1095 2427 1186 2485 τελῶν
1202 2426 1326 2502 ὠνομασ-

210 2526 299 2602 μένων
314 2529 369 2582 τῶν
390 2527 534 2598 κινήσεων.
558 2525 672 2590 Ἦθικῶς
692 2523 720 2582 δέ
741 2525 782 2582 δ’τι
805 2525 923 2606 ἐντρέπει
944 2527 990 2583 τὸν
1010 2523 1127 2605 Φαῖδρον
1147 2527 1161 2582 ὁ
1182 2524 1327 2604 Σωκράτης

149 2611 178 2662 ²⁰
207 2625 254 2680 καῖ
267 2625 351 2680 οῖονεί
366 2621 451 2703 λέγει·
469 2647 483 2677 ιι
499 2628 547 2679 ποῖ
560 2623 683 2703 mpsim
698 2624 782 2680 πόθεν
796 2622 927 2698 έέῆλθες;
944 2623 1051 2705 άφῆκας
1066 2625 1097 2680 τὸ
1112 2621 1197 2689 ὅντως
1210 2621 1325 2696 κάλλος,

208 2723 238 2778 τό
252 2721 279 2780 έν
294 2727 351 2786 τοῖς
363 2718 460 2792 θείοις,
476 2723 521 2778 καὶ
534 2719 565 2778 τὸ
587 2721 614 2778 έν
636 2720 730 2800 λόγοις
750 2723 936 2797 τιθαόμακας;
960 2721 1010 2802 όρα
1029 2719 1062 2792 δή
1085 2727 1133 2778 ποῖ
1150 2722 1324 2792 κατήντηκας

208 2822 252 2876 καί
273 2819 360 2883 οὕτως
378 2819 472 2898 γνώσῃ
494 2819 577 2877 πόθεν
597 2817 721 2891 ἐξῆλθες·
745 2821 783 2884 ὡς
806 2821 869 2899 γάρ,
892 2821 955 2901 φέρε
974 2821 1069 2892 εἰπεῖν,
1087 2819 1130 2876 έπῖ
1146 2824 1201 2877 τῶν
1220 2817 1326 2889 θδῶνή

208 2921 251 2976 έπῖ
274 2924 330 2976 τῶν
350 2917 447 2997 δαέρων
468 2917 575 2998 τρόπων
596 2919 646 2974 οθκ
668 2916 762 2982 ἄλλως
785 2920 817 2976 τά
841 2919 959 2999 πρότερα
989 2919 1135 2995 ζητοῦμεν,
1161 2919 1184 2974 εί
1210 2919 1249 2992 μή
1270 2921 1326 2972 τῶν

209 3015 338 3098 δευτέρων
353 3015 568 3098 δυσχερεστέρων
584 3014 669 3074 ὄντων
685 3017 712 3074 έν
732 3017 831 3096 γνώσει
850 3017 1005 3096 γενώμεθα,
1022 3017 1093 3074 οίίτω
1107 3013 1139 3088 δή
1154 3018 1199 3074 καί
1213 3016 1326 3074 ἐνταῦθα

165 3114 175 3126 ’
209 3118 258 3175 οόκ
278 3115 373 3181 άλλως
395 3113 469 3197 ἔχεις
492 3119 600 3193 μαθεῖν,
624 3115 647 3172 ὦ
672 3115 784 3196 Φαῖδρε,
809 3109 836 3183 ἐξ
859 3117 891 3172 οὔ
915 3116 1100 3195 συνηρπάγης,
1123 3116 1147 3174 εί
1168 3117 1206 3190 μή
1231 3114 1325 3194 γνῶση

209 3213 250 3296 ίφ’
265 3213 327 3271 δ’σον
340 3215 384 3270 καί
399 3214 430 3271 οὗ
445 3212 613 3286 σονηλάθης·
629 3217 646 3285 ή
662 3214 714 3294 γάρ
732 3219 854 3293 παροῦσα
869 3211 1014 3294 διαμαρτία
1028 3213 1145 3291 ὑπόγυος
1159 3210 1226 3269 οὖσα
1246 3213 1324 3283 ῖκανή

209 3313 280 3370 ἐστιν
303 3305 397 3378 άνάξαι
419 3312 488 3370 κατά
511 3333 571 3369 τινα
595 3310 779 3386 άναποδισμδν
801 3311 868 3392 πρὸς
893 3315 943 3383 τὴν
967 3309 1051 3376 ’όντως
1074 3313 1150 3391 ψυχῇ
1173 3310 1326 3388 πρέπουσαν

207 3412 380 3471 κατάστασιν.
399 3435 413 3466 ιι
429 3410 507 3492 Ἔχει
520 3431 561 3475 τις
576 3411 620 3468 καῖ
641 3415 759 3491 φυσικῶς
783 3411 869 3468 εἰπεῖν
891 3409 934 3467 ότι
947 3407 1122 3482 <έπειδή>
1136 3409 1166 3466 τὸ
1189 3408 1259 3483 μετὰ
1278 3405 1325 3464 τδν

209 3507 376 3590 δημιουργὸν
397 3507 518 3590 θειότερον
539 3509 682 3581 ποιητικὸν
705 3507 794 3566 αίτιον
817 3513 835 3581 ή
858 3509 943 3590 φύσις,
966 3505 1199 3589 προϋποκειμένου
1219 3505 1261 3563 ότι
1281 3507 1326 3562 καῖ

240 3753 287 3804 ΝΟ
302 3753 317 3802 θ
331 3753 457 3818 ἐμπεσὼν]
473 3752 586 3804 εκπιοὼν
600 3753 629 3803 M
694 3757 782 3818 νοητὸν
797 3753 846 3804 sed
860 3751 935 3816 prius
951 3772 964 3803 ν
978 3765 1015 3803 ex
1029 3751 1140 3804 emend.
1155 3755 1180 3802 Α
1244 3753 1325 3802 ιῐτουν

209 3821 321 3892 κρύφιον]
341 3825 404 3876 εΙτδ
418 3821 549 3890 ῖγκρθφιον
564 3823 594 3874 M
657 3823 730 3889 θτδ]
747 3823 807 3875 αὐτδ
827 3830 885 3874 Ab?
946 3822 1075 3890 θάγςιθδν
1089 3837 1145 3874 om.
1161 3822 1189 3872 M
1208 3823 1283 3872 unde
1300 3839 1325 3872 τε

209 3909 257 3961 pro
269 3897 298 3947 τὸ
311 3895 447 3948 scribebat
460 3897 520 3946 Αετ
582 3894 611 3947 11
626 3897 692 3954 δόξει
711 3895 818 3959 seripsi:
842 3897 921 3952 δόξειε
942 3893 1005 3945 libri
1025 3897 1049 3955 (δ
1069 3894 1143 3945 rubr.
1159 3896 1206 3956 Ai:
1222 3893 1282 3943 scii.
1297 3893 1325 3943 τό

210 3973 252 4019 ποῖ
260 3971 303 4018 καὶ
313 3971 387 4019 πόθεν
450 3966 556 4035 ἑξαχῶς]
572 3970 666 4034 ἐξόχως
686 3967 741 4017 Μίε
764 3969 858 4034 έξοχῶς
874 3967 932 4016 M’e
947 3969 1039 4034 ἐξόχως
1054 3969 1111 4017 Αοτ
1126 3965 1182 4030 (qui
1196 3965 1324 4014 adnotat:

211 4037 372 4104 «conjicere
383 4037 477 4103 ροεεὶο
490 4041 515 4096 ἐξ
527 4037 617 4106 ἀρχῆς)
681 4039 710 4091 12
724 4039 765 4090 εἰσ
778 4038 836 4089 iere
847 4038 1052 4103 supplendum:
1070 4038 1142 4090 ποθὲν
1158 4035 1231 4100 (τὴν
1247 4038 1326 4101 ἀφορ-

211 4110 298 4174 μήν,>
317 4109 418 4174 ποῖτὴν
433 4110 511 4178 φοράν
575 4108 734 4174 ῶναμάκασι]
749 4111 906 4174 ὠνόμασεΜ
971 4109 1001 4162 11
1014 4111 1043 4162 τδ
1058 4109 1085 4161 δέ
1099 4114 1143 4161 ποῖ
1156 4107 1265 4172 scripsi:
1282 4111 1327 4158 ποῖ

210 4181 236 4232 δέ
248 4181 292 4246 τὴν
304 4181 367 4232 libn'
428 4183 458 4233 15
472 4179 601 4244 κινήσειεῖ
664 4180 694 4230 17
717 4183 754 4232 ἐπ’
780 4179 872 4246 αὐτῶν]
896 4184 935 4233 ini
959 4181 985 4230 M
1051 4179 1125 4233 18-19
1139 4181 1325 4244 ὠνομασμένων

209 4254 321 4317 scripsi:
339 4257 518 4319 δνομασμάνων
532 4256 588 4303 At:
604 4255 793 4317 ὀνομαζομένων
810 4251 863 4303 ΒΜ
928 4251 959 4300 19
978 4250 1112 4316 κινήσεων]
1133 4249 1275 4314 κινημάτων
1294 4248 1323 4298 Μ

268 4323 301 4374 20
314 4328 357 4375 καὶ
371 4327 444 4378 πόθεν
458 4326 486 4376 M
550 4327 578 4377 τδ
593 4325 669 4383 ὄντως
683 4324 688 4388 Ι
701 4323 792 4382 κάλλος
804 4323 887 4382 (linea
899 4323 985 4374 finem
997 4335 1094 4373 versus
1108 4321 1220 4380 indicati
1235 4319 1326 4384 legere

210 4400 250 4445 esi
263 4397 348 4446 insi:
366 4395 426 4447 ὡίν
441 4417 475 4448 τω
490 4395 644 4461 timida
660 4393 751 4454 κάλλος
767 4407 774 4444 2
792 4395 820 4446 τδ
836 4399 861 4446 έν
873 4400 926 4453 ταῖς
943 4398 1036 4461 ψυχαῖς
1055 4392 1146 4452 κάλλος
1161 4391 1325 4454 BEM‚quae

211 4463 263 4516 buo
286 4481 341 4518 ιιοο
364 4467 500 4532 pertinent
562 4467 592 4519 21
610 4466 651 4530 οὴή
667 4467 693 4518 M
717 4467 745 4516 M
810 4466 840 4516 23
863 4466 969 4517 τόπωνθ
1031 4463 1103 4516 241ν
1118 4463 1211 4530 γνώσει
1230 4462 1325 4513 BEM:

210 4553 235 4588 ιν
250 4537 357 4604 γνώσιιν
373 4542 410 4589 Α·
473 4540 503 4589 25
518 4527 558 4604 οὗ]
573 4533 647 4590 ὧνΜ
712 4536 855 4590 261111εεεε
870 4535 1177 4602 ηλάθηςενεοίόεείολ
1241 4533 1268 4598 ἡ]
1285 4538 1328 4584 οε

270 4610 300 4660 27
315 4610 500 4676 άναποδισμδν]
517 4611 658 4674 άποδισμδν
674 4609 747 4660 BM:
764 4609 913 4674 άπαδασμδν
924 4611 983 4659 Ani·
994 4607 1051 4670 (qui
1067 4613 1094 4659 et
1107 4607 1250 4670 άναθαθμδν
1263 4618 1328 4654 con·

211 4680 282 4746 jecit)
347 4687 491 4750 πρέπουσαν
509 4696 566 4734 non
589 4681 647 4743 iam
670 4681 771 4746 legitur
790 4680 819 4731 in
839 4684 862 4731 Α
927 4679 959 4730 28
982 4677 1066 4743 ἐπειδὴ
1085 4677 1179 4729 addidi
1241 4677 1272 4728 29
1290 4675 1327 4728 ότι

212 4763 288 4804 evan.
306 4754 334 4804 in
350 4757 375 4805 Α
