3600 5734
446 604 494 656 192
831 601 972 652 ΕΡΗΕΙΟΥ
993 601 1189 653 ΦΙΛΟΣΟΦΟΥ

349 749 414 816 [166]
450 739 634 818 ’Δπόλλωνος,
647 755 697 819 τῆς
713 747 762 824 μέν
777 749 863 806 πάντα
876 749 1085 832 ἐπιστρεφοόσης
1098 749 1142 808 διά
1155 759 1206 824 τῆς
1221 749 1368 828 βασιλείας,
1381 759 1430 810 τοῦ
1442 748 1471 808 δέ
1484 751 1568 809 πάντα

449 843 487 906 είς
507 843 665 925 συμφωνίαν
686 847 733 904 καὶ
753 845 848 906 ένωσιν
871 849 1029 928 ἀνάγοντος.
1050 885 1089 894 -
1109 849 1189 908 Τόδε
1208 851 1264 908 λαὶ
1285 852 1321 908 τά
1342 849 1478 908 παιδικά
1498 850 1567 908 πεί-

448 943 576 1007 θοντες·
593 942 670 1008 τέλος
686 946 737 1024 γάρ
752 954 802 1016 τῆς
820 947 949 1026 ἐρωτικῆς
970 949 1016 1006 τόν
1031 948 1168 1029 ἀντέρωτα
1184 959 1331 1028 γεννῆσαι·
1348 953 1405 1026 ἅμα
1419 951 1466 1006 οῦν
1483 952 1510 1006 οἰ
1523 948 1568 1006 όάο

447 1041 617 1120 συνάγονται,
641 1078 680 1088 -
704 1045 746 1102 Οό
768 1046 888 1126 φθόνῳ·
911 1048 1010 1127 τρόπον
1031 1050 1090 1106 τινά
1111 1054 1190 1106 τοῦτο
1211 1049 1286 1106 εἶπεν
1308 1049 1511 1124 έναντιοόμενος
1532 1055 1570 1122 τῷ

400 1145 414 1192 5
435 1139 546 1198 ,Λυσίου
570 1138 658 1219 λόγῳ,
683 1141 772 1214 ἐπειδὴ
798 1143 893 1223 ἔλεγεν
915 1147 929 1202 ό
951 1147 1052 1210 Λυσίας
1077 1147 1119 1203 ότι
1140 1151 1266 1227 φθονοῦσι
1291 1155 1349 1212 τοῖς
1373 1147 1520 1212 παιδικοῖς·
1542 1149 1568 1204 οἰ

445 1242 563 1294 τοιοῦτοι
579 1237 625 1296 οῦν
639 1239 759 1320 ἐρασταί,
772 1243 864 1323 φησίν,
876 1243 907 1300 οῦ
923 1246 1075 1325 φθονοῦσιν,
1087 1244 1158 1303 ἀλλά
1171 1251 1318 1322 μιμοῦνται
1331 1247 1363 1303 τό
1378 1253 1455 1306 Ξεῖον
1471 1247 1568 1326 σοφὸν

447 1333 477 1390 όν
491 1337 535 1393 καί
546 1334 645 1396 καλὸν
660 1340 704 1395 καί
719 1339 853 1419 άγαθδν,
869 1343 900 1398 οῦ
916 1341 1111 1418 δυσμενοῦντες
1127 1345 1166 1410 ώς
1183 1347 1209 1402 οἰ
1226 1345 1300 1402 νόθοι
1313 1345 1432 1425 ἐρασταί,
1446 1343 1509 1402 ἀλλ’
1526 1346 1569 1408 εἰς

447 1433 632 1508 όμοιότητα
652 1437 761 1503 αὐτοῖς
781 1440 917 1520 φέροντες·
939 1443 954 1498 ό
974 1442 1025 1522 γάρ
1046 1441 1188 1520 βούλονται
1206 1444 1325 1515 έαυτοῑς,
1345 1451 1426 1501 τοῦτο
1444 1445 1490 1501 καί
1508 1451 1568 1508 τοῖς

446 1531 605 1611 ἐρωμένοις·
623 1537 672 1610 μία
685 1537 737 1616 γάρ
753 1537 855 1610 ἐστινὴ
874 1541 931 1610 ζωὴ
948 1539 1046 1602 αὐτῶν.
1063 1549 1186 1600 Τοιοῦτοι
1203 1541 1232 1599 δέ
1250 1541 1319 1611 ἦσαν
1336 1543 1381 1598 καί
1401 1543 1428 1599 οἰ
1448 1541 1568 1620 Πυθαγό-

384 1633 415 1688 10
447 1651 524 1710 ρειοι·
547 1633 607 1690 όθεν
628 1636 672 1690 καί
693 1637 802 1716 φέρεται
821 1639 1001 1718 Πυθαγορείου
1020 1641 1090 1704 τινός
1108 1647 1191 1698 τοῦτο
1211 1639 1243 1696 τό
1265 1640 1342 1718 ῥῆμα
1362 1640 1405 1696 τό·
1429 1663 1444 1694 ιι
1462 1641 1492 1697 Τί
1515 1640 1569 1696 ἐστι

447 1727 543 1810 φίλος;
560 1765 599 1776 -
613 1730 712 1798 νΔλλος
728 1733 795 1812 ἐγώ.
815 1759 829 1790 υ

487 1895 550 1971 μη’.
574 1899 743 1979 Προθυμία
767 1899 824 1976 μἐν
847 1899 914 1980 οῦν]
938 1903 997 1961 253
1019 1899 1056 1962 Ε.

486 2039 517 2096 Ἡ
536 2041 584 2116 μέν
602 2041 649 2099 οῦν
670 2043 840 2122 προθυμία
856 2049 921 2100 τιῦν
941 2044 1090 2124 ἰρώντων
1108 2045 1219 2116 τοιαῦτ-η
1234 2044 1276 2110 τίς
1299 2043 1369 2102 ἐστιν
1385 2043 1446 2102 οἰαν
1461 2043 1569 2116 διήλθο-

447 2161 509 2214 μεν,
523 2141 569 2198 καί
583 2142 597 2198 ό
613 2142 712 2206 σκοπός
726 2144 770 2199 καὶ
783 2143 814 2198 τό
827 2140 907 2207 τέλος
920 2149 975 2199 τιῦν
988 2143 1111 2222 ἐρώντων
1125 2143 1205 2208 οῦτός
1219 2143 1285 2219 ἐστι,
1301 2141 1405 2200 τὸκατ’
1419 2143 1569 2214 οἰκειότητα

384 2231 414 2283 15
445 2246 493 2296 τοῦ
506 2245 573 2296 Ξιεοῦ
589 2239 745 2318 ἐκλέγεσθαι
758 2241 803 2298 καί
818 2239 862 2298 διδ
876 2241 976 2312 ταῦτης
988 2250 1041 2312 τῆς
1056 2239 1121 2299 όδοῦ
1137 2241 1262 2320 συνάγειν
1276 2243 1308 2297 τά
1323 2239 1443 2300 παιδικά.
1456 2275 1495 2286 -
1507 2247 1567 2303 Πιῦς

447 2335 475 2393 δέ
490 2335 560 2402 όλως
581 2338 755 2396 ἁλίσκεται
770 2340 814 2396 καί
829 2339 1004 2418 τιτρώσκεται
1020 2341 1034 2396 ό
1052 2339 1165 2420 ἐραστὴς
1182 2341 1232 2396 ῦπό
1252 2347 1300 2397 τοῦ
1317 2339 1464 2419 ἐρωμένου,
1477 2361 1568 2418 πειρτ·

446 2437 507 2494 τέον
521 2437 615 2496 εἰπεῖν.
633 2438 683 2494 Καί
698 2435 811 2517 ἄρχεται
830 2435 918 2516 λέγειν
933 2439 982 2510 την
1004 2437 1057 2495 άπὸ
1076 2443 1129 2496 τιῦν
1148 2436 1215 2514 τῇδε
1230 2437 1275 2511 ἐπὶ
1288 2439 1320 2495 τά
1338 2437 1394 2494 ἐκεῖ
1411 2437 1489 2494 ζθέαν·
1505 2437 1569 2493 ποτέ

446 2535 496 2613 γάρ
513 2539 547 2610 τῇ
566 2536 635 2614 πρὸς
652 2539 727 2612 ἡμᾶς
747 2537 819 2618 ἀρχῇ
839 2537 983 2618 κέχρηται,
1000 2537 1065 2594 ποτέ
1081 2536 1110 2594 δέ
1127 2541 1162 2612 τῇ
1178 2541 1286 2618 φυσικῇ,
1302 2535 1436 2592 τουτέστιν
1451 2535 1504 2591 ἀπὸ
1515 2539 1568 2589 τῶν

446 2629 548 2690 άνωθτν
562 2633 647 2693 κάτω.
664 2669 703 2678 -
717 2635 751 2692 Τό
768 2633 796 2692 δέ
812 2635 867 2692 ἐὰν
883 2631 1130 2714 διαπράξωνται
1144 2635 1159 2691 ό
1175 2637 1436 2714 προθυμοῦνται,
1453 2633 1569 2702 τουτέστι

381 2725 415 2775 2⁰
445 2731 475 2787 τό
487 2728 566 2795 τέλος
578 2732 610 2788 τό
620 2731 759 2808 εὔδαιμον,
772 2733 838 2812 όπερ
853 2733 907 2790 ἐστί
920 2734 950 2790 τό
962 2735 1132 2806 οἰκειωθῆναι
1144 2739 1182 2812 τῷ
1196 2733 1289 2807 οἰκείῳ
1299 2737 1355 2810 θεῷ
1370 2733 1415 2788 καί
1425 2731 1568 2810 ἐπιγνῶναι

444 2829 495 2898 τὴν
511 2827 580 2886 ἰδίαν
596 2830 698 2912 άρχήν.

486 2993 543 3066 μθ.
567 2990 757 3051 Ἀλίσκεται
778 2992 810 3051 δέ
833 2991 884 3076 δή]
909 2994 967 3053 253
990 2992 1026 3054 C.

484 3136 518 3193 Τό
539 3136 588 3212 μέν
604 3137 683 3202 τέλος
701 3145 750 3210 τῆς
771 3137 900 3219 ἐρωτικῆς
918 3137 1018 3220 τέχνης
1038 3137 1068 3194 τὸ
1087 3135 1193 3217 ἄριστον
1212 3142 1249 3216 τῷ
1269 3137 1409 3216 αἰρεθέντι,
1427 3133 1518 3205 ἐπειδὴ
1535 3134 1566 3191 οῦ

444 3241 496 3298 πᾶς
510 3235 689 3310 κεκινημένος
703 3235 772 3294 ἐστίν
786 3238 824 3301 εἰς
837 3237 868 3293 τό
881 3239 1045 3318 συναφθῆναι
1056 3241 1093 3314 τῷ
1107 3236 1201 3310 οἰκείῳ
1216 3240 1285 3314 Ξεῷ.
1300 3236 1348 3292 Aa
1362 3233 1443 3300 τοίας
1459 3231 1488 3290 δέ
1503 3231 1568 3290 όδυῦ

381 3321 412 3373 25
443 3332 569 3411 ἀνάγεταί
589 3355 627 3398 τις
645 3332 686 3414 ἐφ’
707 3335 799 3390 ἑαυτὸν
819 3335 864 3390 καὶ
883 3336 933 3405 τὴν
953 3333 1083 3412 ἐρωτικὴν
1106 3331 1168 3390 όδόν
1188 3334 1253 3391 ποία
1274 3333 1340 3390 ποτέ
1362 3331 1417 3389 ἐστι
1438 3329 1568 3409 βοόλεται

442 3440 623 3512 παραστῆσαι.
646 3431 735 3488 Εἰπὼν
755 3431 802 3490 οῦν
820 3433 881 3511 περὶ
898 3437 946 3488 τοῦ
968 3429 1068 3512 ἔρωτος
1088 3439 1137 3490 τοῦ
1156 3433 1225 3489 κατά
1243 3432 1413 3510 κατόρθωσιν
1432 3430 1477 3486 καί
1500 3429 1568 3486 κατόι

443 3529 598 3587 ἀπόπτωσιν
614 3528 769 3608 γινομένου,
785 3531 830 3586 καί
851 3531 889 3596 ὡς
908 3531 942 3587 τά
961 3529 1028 3610 ἄκρα
1044 3531 1139 3606 εἰπὼν,
1157 3530 1287 3607 βούλεται
1306 3535 1354 3587 νῦν
1372 3529 1417 3584 καί
1438 3529 1500 3607 περὶ
1514 3531 1568 3583 τιῖιν

445 3625 534 3700 μέσων
549 3625 648 3700 εἰπεῖν,
663 3626 737 3705 λέγω
753 3624 786 3696 δὴ
801 3629 924 3706 περὶτοῦ
938 3627 1082 3708 ἐγκρατοῦς
1096 3627 1143 3684 καί
1158 3627 1303 3706 ἀκρατοῦς.
1320 3623 1427 3696 Ἐπειδὴ
1445 3623 1493 3682 οῦν
1507 3623 1567 3702 περὶ

443 3728 534 3804 ψυχῆς
548 3723 702 3804 διαλέγεται
713 3735 765 3798 τῆς
781 3726 888 3800 σώματι
901 3725 1155 3806 προσομιλησάσης,
1174 3725 1284 3789 εἰκότως
1297 3725 1342 3782 καὶ
1359 3721 1456 3788 άλλους
1470 3722 1570 3787 ίπττους

382 3822 413 3873 30
444 3823 511 3899 αὐτῇ
531 3821 650 3881 δίδωσιν·
673 3823 728 3898 όσῳ
745 3823 796 3904 γόιρ
814 3825 933 3882 κάτεισιν
953 3828 971 3896 ὴ
991 3825 1066 3906 ψυχὴ
1084 3823 1122 3888 εἰς
1137 3826 1186 3896 τὴν
1199 3824 1301 3902 γένεσιν
1318 3825 1362 3880 καί
1375 3821 1518 3895 πλησιάζει
1531 3825 1568 3898 τῷ

338 3911 428 3963 {069v‘
446 3921 559 3978 ἐνταῦθα
576 3920 705 3994 κλάδωνι,
725 3921 730 4000 Ι
748 3923 792 3978 καὶ
810 3927 930 4004 χιτῶνας
947 3919 1079 3986 πλείονας
1098 3917 1242 3996 λαμόάνει·
1264 3918 1305 3978 διὸ
1325 3921 1369 3978 καὶ
1387 3919 1451 4000 περὶ
1472 3919 1568 3998 έτέρων

474 4153 489 4201 5
506 4153 588 4218 ἔλεγεν
603 4151 638 4203 of.
654 4151 700 4202 234
762 4152 778 4203 6
796 4155 873 4219 σοφόν
888 4157 941 4205 κτλ.
957 4153 994 4204 of.
1011 4151 1093 4203 246ss

475 4278 538 4330 ΤίΤ
553 4279 582 4328 11
599 4283 764 4347 πυθαγόρειος
778 4283 861 4344 λόγος·
876 4283 899 4330 τί
914 4279 983 4343 (cod.
998 4279 1043 4342 τίς)
1060 4282 1111 4329 ἐστι
1124 4279 1207 4342 φίλος;
1221 4277 1295 4334 ἄλλος
1311 4275 1361 4341 ἐγώ
1378 4275 1400 4326 C

436 4443 437 4446 τ
476 4403 523 4455 Nc
544 4401 738 4470 ἐπανάγονται]
755 4402 907 4469 συνάγουσιν
926 4407 963 4454 A·
1024 4403 1140 4460 θαῦτυῖς
1158 4401 1241 4452 etiam
1262 4401 1355 4452 Plan:
1377 4400 1462 4459 αὐτοῖς
1480 4399 1569 4450 Ham·

444 4489 518 4526 οοιιιι
581 4478 623 4530 καί
643 4475 701 4527 tero
719 4487 799 4526 ενοο.
822 4475 849 4524 in
871 4475 926 4525 fine
946 4487 1043 4526 vorsus
1066 4477 1089 4523 Α
1153 4471 1184 4523 12
1203 4475 1338 4539 προθυμία,
1354 4491 1373 4524 π
1393 4471 1467 4520 rubr.
1484 4475 1507 4521 Α

445 4536 563 4605 11οῦτος
582 4549 633 4598 έστί
650 4549 674 4596 Α
738 4545 768 4596 19
786 4546 829 4597 ἐάν
849 4542 1043 4613 διαπράξωνται]
1060 4543 1103 4596 δάν
1123 4545 1143 4594 τ’
1162 4541 1374 4611 ἐνδιαπρόιξωνται
1399 4541 1469 4592 Plat.
1489 4539 1568 4593 codd.

446 4616 493 4666 BT
507 4631 513 4666 ε
529 4617 572 4668 ἐάν
588 4635 615 4681 γε
630 4615 814 4684 διαπράξωνται
829 4629 921 4681 apogr.
986 4615 1017 4666 20
1031 4615 1149 4680 ιόδαῖμον
1165 4613 1220 4664 ΑΜ
1285 4613 1314 4663 21
1334 4611 1410 4677 ἰδίαν]
1427 4613 1521 4664 οἰκείαν
1539 4611 1568 4660 M

506 4686 537 4737 22
556 4691 695 4748 ἁλίσκεται,
719 4687 824 4739 άτιιῦτ,
843 4691 866 4737 Α
930 4687 961 4738 27
982 4685 1036 4750 νῦν]
1060 4687 1103 4752 μέν
1124 4685 1151 4735 Μ
1216 4683 1305 4737 θθκαί
1326 4686 1451 4752 ἀκρατοῦς
1470 4683 1567 4736 om.M

507 4758 535 4807 31
554 4759 660 4826 χιτώνας
673 4763 709 4808 A·
1456 4799 1458 4806 .
