3600 5734
448 627 502 678 ΕΙΣ
524 628 585 678 TON
608 627 784 678 ΠΛΑΤΩΝΟΣ
806 628 948 682 ΦΑΙΔΡΟΝ
973 630 1094 682 ΣΧΟΛΙΑ
1294 643 1338 692 177

112 795 181 862 [157]
215 789 293 846 αὐτὸν
315 789 415 869 τρόπον
433 789 478 846 καί
501 788 544 846 ἐπὶ
566 797 617 861 τῆς
640 792 731 870 ψυχῆς
756 786 797 846 δεῖ
817 786 984 870 ἐκδέχεσθαι,
1008 787 1071 848 όταν
1091 788 1121 846 τὸ
1146 787 1339 864 ἐπιθυμητικὸν

214 885 394 960 ῦποκλίνηται
411 891 448 966 τῷ
469 891 590 965 Ξυμικῷ,
608 885 638 944 τὸ
659 883 688 943 δὲ
707 885 825 961 θυμικὸν
844 891 882 966 τῷ
903 885 990 966 λόγῳ,
1008 888 1070 946 τότε
1090 886 1261 960 δικαιοσύνην
1281 883 1339 967 ’ἔχει

212 989 230 1058 ἡ
251 987 338 1066 ψυχή.
363 983 432 1066 Ὅρα
453 984 499 1042 οῦν
522 983 565 1042 διὰ
585 985 677 1042 πόσων
700 984 822 1064 όργοίνων
835 987 881 1041 καί
894 985 981 1059 πόσης
996 985 1153 1068 δυσχερείας
1175 985 1265 1042 είκόνα
1284 985 1339 1042 ἐστὶ

214 1080 309 1141 λσῦεῖν
323 1082 492 1156 δικαιοσύνης
507 1084 617 1139 καὶτῶν
634 1083 749 1158 ὁμοίων·
767 1080 1171 1164 αῦτὸδ-ὲτὸκίλλρς-ιι-ὐτῌόδενό
1175 1083 1340 1158 προσπίπτει

164 1189 179 1237 5
212 1185 291 1258 ἡμῖν,
313 1216 352 1225 -
372 1181 410 1240 Τδ
433 1179 461 1238 δὲ
483 1187 539 1238 τοῦ
560 1181 776 1245 είκασθὲντος
798 1180 895 1258 γένος
920 1179 995 1260 λέγει
1015 1184 1065 1253 την
1087 1179 1360 1253 αὐτοδικαιοσῦνην··

213 1278 364 1353 δικαιυσώνη
380 1278 408 1338 δέ
423 1279 522 1351 ἐστινὴ
539 1278 695 1358 ίδιοπραγία
709 1283 764 1336 τῶν
779 1287 829 1351 τῆς
845 1282 937 1360 ψυχῆς
955 1279 1070 1360 μορίων.
1086 1280 1091 1359 Ι

99 1445 196 1497 1·65ι·
252 1436 292 1498 2‘.
317 1435 448 1496 Κάλλας
471 1434 504 1494 δὲ
523 1433 592 1493 τότ’
613 1437 646 1507 ἦν
667 1434 751 1494 ίδεῖν
773 1434 938 1517 λαμπρόν]
962 1437 1021 1496 250
1041 1436 1077 1496 Β.

251 1589 394 1664 Πανταχοῦ
414 1585 428 1640 ό
451 1583 566 1641 Πλάτων
586 1583 632 1640 τὸν
653 1581 785 1656 δεσπότην
807 1581 904 1642 Ἥλιον
924 1582 1067 1662 ἀναλογεῖν
1090 1582 1166 1664 λέγει
1187 1590 1221 1662 τῇ
1241 1585 1336 1666 πρώτῃ

211 1681 295 1762 ἀρχῇ·
316 1681 406 1760 ῶσπερ
424 1682 474 1760 γὰρ
496 1681 609 1738 ἐνταῦθα
627 1683 642 1738 ό
662 1680 740 1752 ἥλιος
759 1687 806 1738 τοῦ
829 1681 957 1755 αἰσθητοῦ
970 1681 1069 1747 παντὸς
1084 1682 1190 1758 κόσμου
1206 1681 1338 1756 δεσπότης

146 1786 179 1836 10
212 1779 294 1852 ἐστὶν,
316 1779 402 1844 οὕτως
422 1777 465 1836 ἐπὶ
485 1785 533 1836 τοῦ
552 1783 652 1851 νοητοῦ
673 1778 774 1853 ἐκείνη·
795 1781 839 1836 καὶ
857 1780 950 1860 ὥσπερ
971 1780 1087 1838 ἀπὸτοῦ
1107 1779 1238 1838 δεσπότου
1253 1780 1337 1853 ἡλίου

211 1883 266 1958 ρῶς
279 1877 426 1955 κατίγεται
440 1879 455 1934 ὃ
470 1878 621 1956 συζευγνῦει
634 1879 678 1935 καί
693 1878 820 1934 συνάπτει
833 1878 880 1934 καί
894 1879 951 1935 ἑνοῖ
964 1877 994 1934 τὸ
1010 1880 1132 1958 ὁρατικὸν
1142 1879 1211 1958 πρὸς
1225 1881 1255 1936 τὸ
1271 1881 1336 1958 δρα-

210 1977 267 2046 τὸν,
287 1977 333 2032 τὸν
353 1975 434 2032 αὐτόν
453 1975 617 2055 τρόπονκαὶ
636 1975 666 2032 τὸ
686 1975 739 2032 ἀπὸ
758 1982 805 2033 τοῦ
820 1975 929 2056 πρώτου
944 1981 1011 2034 θεοῦ
1025 1978 1119 2057 προιδν
1135 1983 1192 2058 ρῶς
1211 1975 1293 2057 (λέγει
1309 1975 1337 2033 δὲ

212 2074 275 2130 αὐτὸ
296 2070 468 2154 ἀληθειαν)
490 2075 643 2152 συζευγνῦει
661 2073 706 2130 τὸν
727 2079 788 2131 νοῦν
808 2080 847 2148 τῷ
868 2079 969 2149 νοητῷ.
987 2073 1064 2154 Ὁρᾷς
1080 2074 1126 2132 οὗν
1142 2076 1183 2132 δτι
1198 2081 1276 2132 τοῦτο
1292 2097 1336 2150 μι-

212 2177 301 2246 μεῖται
323 2173 354 2229 τὸ
371 2169 486 2236 κάλλος·
511 2175 570 2229 οἷον
589 2174 640 2252 γὰρ
661 2177 720 2253 ρῶς
741 2171 808 2229 ἐστιν
830 2168 1012 2239 ἐξαποσταλέν
1033 2174 1085 2230 ἀπὸ
1104 2182 1153 2246 τῆς
1172 2182 1265 2252 πηγῆς
1283 2177 1337 2231 τῶν

144 2277 178 2328 15
211 2275 318 2342 νοητῶν
338 2269 379 2327 ἐπὶ
398 2271 444 2326 τὸν
464 2269 528 2346 τῇδε
548 2269 663 2347 κόσμον,
685 2269 787 2327 καλοῦν
806 2272 872 2350 πρὸς
891 2272 969 2328 ἑαυτὸ
983 2273 1028 2328 καὶ
1047 2272 1173 2329 ἒνωτικδν
1191 2273 1335 2350 γινόμενον

210 2371 265 2424 τῶν
280 2365 401 2446 ἐρώντων
421 2368 488 2447 πρὸς
507 2369 538 2425 τὸ
558 2368 678 2448 ίραοτὸν,
696 2365 794 2425 διὸκαὶ
812 2367 846 2426 δι’
861 2369 942 2426 αὐτοῦ
959 2373 977 2441 ἡ
993 2369 1119 2449 ἀναγωγὴ
1137 2371 1249 2448 γίνεται.
1269 2377 1335 2427 Συν-

211 2463 299 2539 οψίζει
315 2463 362 2522 οῦν
385 2464 496 2523 ἐνταῦθα
514 2466 548 2522 τὰ
566 2472 621 2523 τῶν
640 2471 746 2539 νοητῶν
765 2467 885 2543 πάντων,
902 2467 991 2546 λέγων
1008 2467 1048 2524 ότι
1065 2468 1105 2533 είς
1120 2473 1200 2526 τοῦτο
1215 2465 1284 2525 ἔστιν
1298 2468 1334 2533 είς

209 2563 224 2618 ὃ
240 2561 333 2641 ἀνάγει
350 2565 364 2620 ό
383 2559 460 2643 ἔρως·
482 2565 512 2620 τδ
532 2564 582 2645 γὰρ
602 2563 715 2622 ἐνταῦθα
733 2563 838 2631 κάλλος
859 2564 979 2645 ἀμυδρόν
998 2565 1115 2623 ἐστικαὶ
1135 2566 1273 2638 αἰσθητὸν,
1295 2567 1334 2630 ῶς

208 2661 298 2717 καὶτὸ
313 2667 370 2742 ρῶς
383 2663 413 2718 τδ
429 2661 541 2742 ἐνταῦθα
555 2663 688 2741 συμμιγὲς
702 2661 759 2742 ἀέρι
776 2663 831 2720 ἐστί
845 2665 891 2721 καὶ
907 2663 946 2728 είς
965 2663 1115 2740 ἀνάμνησιν
1132 2668 1180 2721 τοῦ
1201 2663 1334 2722 αῦτοκοίλ-

143 2767 177 2819 20
211 2757 592 2836 λουςᾶναμιμνγίσιιειημῦς.
609 2796 649 2807 -
667 2761 798 2826 Κάλλας
819 2759 851 2818 δὲ
871 2760 941 2818 τότ’
962 2763 1001 2834 ἦν
1022 2759 1117 2834 ίδεῖν,
1141 2762 1199 2818 ἀντὶ
1218 2767 1277 2819 τοῦ·
1304 2763 1334 2818 τὸ

211 2855 240 2914 δὲ
259 2857 425 2924 αὐτόκαλλος
443 2859 608 2946 ιίστροίιιτον,Ι
626 2861 664 2935 μὴ
685 2855 750 2940 ἔχον
772 2853 843 2936 μῖξιν
863 2865 910 2916 τοῦ
930 2859 1061 2934 ἐναντίου,
1079 2859 1153 2919 ἀλλὰ
1170 2858 1332 2922 αὐτόκαλον,

253 3010 280 3067 ι’,
304 3005 376 3066 “ote
397 3008 453 3066 σῦν
474 3007 664 3090 εὐδαίμονι]
687 3009 747 3069 250
769 3009 805 3074 Β.

249 3149 389 3208 Τουτὲστιν
411 3151 457 3208 δ’τε
479 3151 696 3229 περιεπολοῦμεν
717 3157 776 3215 τοῖς
797 3149 907 3214 υίκείοις
928 3153 1006 3216 Βεοῖς
1026 3153 1094 3228 ἅμα.
1116 3151 1290 3229 Εὐδαίμων
1306 3151 1334 3211 δὲ

209 3249 305 3329 χορός
320 3248 388 3306 ἐστιν
403 3251 430 3306 αῖ
444 3255 497 3306 τῶν
511 3251 598 3307 θείων
614 3253 710 3330 ψυχῶν
725 3247 983 3328 συμπεριπολιξσεις,
997 3249 1095 3307 διὸκαὶ
1109 3252 1207 3331 χορὸν
1223 3251 1334 3310 ἐκάλεσε

143 3357 175 3408 25
211 3345 253 3404 διὰ
266 3347 297 3403 τὸ
312 3348 465 3424 ἡνωμένον·
483 3347 549 3428 ὅπερ
564 3347 690 3428 ἀνωτέρω
708 3347 776 3406 εἴτε·
800 3371 814 3402 ιι
831 3353 875 3422 τῷ
890 3345 918 3404 δ’
931 3345 1048 3406 ἐ’πεται
1062 3351 1197 3428 στρατιὰ
1211 3357 1299 3407 θεῶν
1318 3374 1332 3406 υ

209 3446 254 3502 καί
272 3445 305 3501 τὰ
322 3439 397 3519 ἑξῆς,
417 3451 461 3502 νῦν
479 3447 576 3528 χορὸν
596 3443 716 3506 ἐκάλεσε.
740 3443 835 3510 Καλῶς
857 3443 885 3502 δὲ
902 3444 1085 3522 εὐδαίμονα
1100 3445 1218 3505 ἐκιίλεσε·
1232 3453 1269 3526 τῷ
1283 3447 1334 3528 γὰρ

210 3541 267 3600 ὄντι
279 3545 294 3600 ό
308 3542 449 3620 θεώμενος
466 3544 556 3602 ἐκεῖνα
570 3544 603 3601 τίι
619 3541 680 3616 είδη
697 3541 867 3620 εὐδαιμονῶν
882 3545 935 3602 ἐστί
948 3547 994 3602 καί
1010 3545 1152 3626 μακάριος.

253 3689 298 3752 ια’.
323 3691 408 3750 Μετὰ
430 3693 488 3768 μὶν
510 3693 583 3756 Διὸς
603 3690 721 3773 ἡμεῖς]
744 3693 803 3751 250
825 3692 862 3752 Β.

250 3831 293 3889 Ἐν
309 3838 348 3908 τῷ
366 3833 493 3910 Τιμαίῳ
512 3834 591 3916 ρησῖν
607 3835 621 3890 ό
637 3831 752 3891 Πλάτων
770 3833 810 3892 ότι
823 3835 940 3908 ποιήσας
956 3837 969 3891 ὁ
986 3833 1154 3917 δημιουργὸς
1168 3837 1213 3896 τὸν
1228 3837 1333 3914 κόσμον

239 4085 322 4138 1001.
339 4085 402 4152 Περ.
419 4085 557 4137 V15080
618 4085 784 4155 25ιίνωτίρω
804 4084 888 4139 246Ε
951 4087 982 4138 29
1003 4088 1073 4140 Tim.
1091 4090 1121 4141 ⁴1
1144 4090 1270 4152 mizi)

151 4205 156 4214 Ι
240 4221 301 4272 TIT
316 4221 333 4272 8
350 4221 448 4286 όῆλιος
462 4224 594 4288 ἀναλογῶν
608 4231 637 4298 τῇ
650 4223 737 4299 πρώτη
752 4225 819 4298 ἀρχῇ
834 4225 889 4292 περί
906 4224 969 4290 (leg.
984 4227 1058 4289 κατὰ)
1076 4226 1234 4280 ΠλάτωναΟ

241 4352 288 4403 NG
304 4353 319 4404 2
335 4361 369 4422 τῷ
384 4356 480 4421 δυμικῷ
495 4355 658 4418 ῦποκλίνηται
674 4355 701 4403 Μ
767 4356 781 4404 3
799 4355 850 4407 ἔστι
867 4357 890 4406 Α
954 4355 969 4406 7
986 4357 1014 4407 in
1031 4359 1051 4406 Α
1068 4372 1200 4410 numerus
1215 4363 1227 4412 θ
1242 4375 1333 4413 errore

208 4424 322 4474 iteratus
384 4425 637 4486 κάλλος,ιιι·υυι.Α
702 4427 732 4476 10
749 4426 1062 4485 οὕτωςΜοῦτωιαὶΑε
1125 4436 1206 4495 εκείνη
1220 4434 1331 4498 scripsi:

207 4499 302 4555 ἐκεῖνος
323 4495 385 4546 libri
447 4495 477 4546 1³
499 4495 536 4547 ότι
560 4509 614 4546 om.
637 4497 664 4546 M
731 4499 760 4547 15
783 4500 856 4550 ἑαυτὸ
878 4499 906 4548 M
927 4502 1015 4551 ἑαυτὸν
1038 4501 1108 4551 ΜΕ
1171 4504 1201 4553 17
1223 4503 1332 4570 πάντων]

209 4568 270 4617 iori.
286 4565 366 4618 πάντα
429 4570 494 4619 ἐστίν
509 4571 534 4618 Α
596 4569 625 4617 21
644 4567 808 4634 αῦτόκαλλος]
824 4569 978 4630 αῦτοκόιλλος
994 4575 1017 4622 Α
1032 4588 1038 4622 :
1055 4573 1115 4624 αῦτδ
1131 4575 1222 4634 καλλος
1240 4575 1269 4625 M

209 4641 272 4703 μίξιν
285 4637 347 4688 libri
410 4638 550 4691 αὐτοκαλόν
561 4639 622 4688 libri
685 4641 716 4690 22
730 4639 780 4702 ότε,
791 4639 804 4692 δ’
815 4642 889 4690 rubr.
900 4643 923 4690 Α
987 4643 1017 4692 23
1032 4645 1239 4712 περιεπολοῦμεν]
1249 4649 1333 4715 ίπερι-

208 4711 335 4773 πολοῦμεν
350 4707 401 4759 ΕΜ
467 4710 498 4760 26
511 4714 595 4769 καλῶς
615 4711 650 4775 δὲ]
670 4714 712 4763 καί
731 4715 767 4762 Αι
829 4711 860 4762 27
879 4711 1047 4778 εὐδαιμονῶν]
1067 4716 1224 4782 εὐδαιμόνων
1240 4717 1269 4767 Μ

207 4777 240 4828 28
257 4779 327 4843 μετὰ,
344 4779 448 4843 μιυίιι.
470 4784 494 4831 Α

275 4885 442 4941 θουνιιαυιε
1178 4897 1207 4946 12
