3600 5734
412 658 467 708 ΕΙΣ
487 659 549 709 ’1οΝ
571 657 747 710 ΠΑΛΤΩΝΟΣ
769 655 911 708 ΦΑῙΛΡΟΝ
934 656 1057 707 ΣΧΟΛΙΔ
1253 665 1299 718 179

86 809 148 876 [158]
222 801 266 863 ιδ’.
287 808 394 860 Ταῦτα
416 803 474 880 μὲν
497 803 554 861 οὖν
577 806 689 882 μνήμη
710 801 904 886 κεχαρίσθω]
927 803 985 863 250
1007 801 1043 864 Ca

221 965 337 1042 Σόνοψιν
350 973 468 1026 ποιεῖται
481 970 526 1027 καὶ
542 970 695 1046 ὑπόμνησιν
708 976 762 1027 τῶν
779 968 834 1027 άνω
854 969 1018 1050 εἰρημένων,
1038 968 1124 1048 λέγων
1143 967 1185 1025 ότι
1200 973 1301 1026 ταῦτα

180 1067 291 1144 μνήμη
311 1069 590 1147 παραπεμπέσθωσαν·
612 1067 655 1127 διὰ
673 1075 753 1128 τοῦτο
772 1067 800 1126 δέ
815 1071 861 1126 καὶ
880 1063 1020 1148 ἐθράδυνεν
1041 1067 1067 1126 ἐν
1088 1066 1182 1133 αὐτοῖς
1205 1067 1301 1135 ἐθίζων

78 1164 164 1215 0651·
177 1167 253 1240 ἡμᾶς
267 1172 323 1231 τοῖς
334 1165 467 1232 τοιούτοις
482 1161 668 1247 ἐμθραθθνειν.
680 1167 710 1224 Ἥ
726 1167 776 1249 γὰρ
791 1169 1016 1248 συνεχήςμνήμη
1031 1171 1088 1224 τῶν
1102 1171 1206 1239 νοητῶν
1222 1161 1228 1242 Ι
1243 1162 1303 1231 έθος

133 1269 147 1318 5
178 1266 249 1340 ήμῑν
264 1270 337 1322 ποιεῖ
356 1265 383 1322 ἐν
403 1265 514 1332 ἐκείνοις
534 1261 689 1348 θιατρίθειν·
711 1266 800 1347 ὥσπερ
818 1267 930 1331 εἰκότως
951 1264 1113 1346 ἐνδιέτριψεν
1130 1265 1157 1323 ἐν
1173 1264 1300 1338 ἐκείνοις,

179 1363 226 1421 ι’ίτε
240 1362 272 1436 δὴ
289 1363 432 1422 ἐνθουσιῶν
447 1366 508 1445 περὶ
524 1365 591 1422 αὐτὰ
606 1365 735 1444 (τουτέστι
751 1365 784 1422 τὰ
801 1364 897 1445 νοητόι)
915 1362 1121 1440 ἐνδεικνύμενος
1140 1363 1180 1430 τίς
1196 1363 1266 1422 ἐστιν
1283 1365 1301 1434 ἡ

179 1458 253 1544 ἔργῳ
269 1463 425 1539 άνάμνησις.
445 1469 534 1522 Ταῦτα
552 1465 601 1540 μέν
617 1462 664 1522 οὖν
680 1465 896 1541 ἀναμνησθέντες
913 1465 974 1545 περὶ
989 1469 1042 1522 τῶν
1058 1469 1162 1537 νοητῶν
1179 1463 1304 1544 πραγμά-

179 1584 234 1619 των
247 1563 404 1642 είρήκαμεν.
420 1597 461 1608 -
474 1561 663 1645 Χεχαρίσθω
678 1561 707 1620 δὲ
723 1563 797 1622 εἶπεν
813 1561 902 1636 ἐπειδή
920 1564 948 1619 αἱ
967 1563 1078 1644 Χάριτές
1096 1563 1161 1621 εἰσιν
1176 1563 1204 1620 αἰ
1219 1562 1305 1619 πάντα

180 1661 296 1742 ἐράσμιοι
309 1667 444 1723 ποιοῦσαι.
460 1697 500 1706 -
515 1663 628 1720 Δόναται
643 1660 672 1720 δί
685 1663 730 1720 καί
743 1684 784 1727 τις
796 1663 842 1720 καί
856 1663 886 1720 τό
901 1661 1091 1744 μακρότεροι
1104 1661 1192 1726 οὕτως
1204 1657 1306 1739 ἐξηγή-

119 1761 149 1812 1θ
180 1763 287 1832 σαοοαι,
305 1759 346 1817 ότι
358 1765 393 1837 τῇ
412 1761 461 1836 μὶν
475 1759 545 1828 λέξει
559 1763 603 1818 καί
617 1767 677 1828 ταῖς
697 1755 849 1826 συλλαόαῖς
866 1759 943 1840 όλίγα
957 1761 1008 1818 εἰσί
1022 1761 1055 1818 τὰ
1072 1759 1214 1840 λεχθέντα,
1231 1757 1307 1816 δυνά-

182 1879 229 1934 μει
250 1855 279 1915 δέ
300 1859 464 1939 μακρότατα.
485 1860 562 1916 Οὕτω
582 1843 627 1917 καί
648 1860 675 1917 ἐν
692 1866 731 1935 τῷ
752 1860 932 1935 Συμποσίῳ
952 1858 1076 1931 ἐποίησε,
1091 1856 1179 1936 λέγων
1192 1860 1238 1915 τὸν
1253 1864 1305 1930 τῆς

181 1957 311 2034 Διοτίμας
334 1959 394 2039 περὶ
417 1963 467 2016 τοῦ
489 1957 608 2040 ’Ἑρωτος
633 1958 718 2040 λόγον
743 1956 786 2016 διὰ
809 1953 910 2026 λέξεων
935 1957 1048 2038 όλίγων,
1077 1961 1111 2034 τῇ
1138 1955 1166 2014 δέ
1195 1954 1306 2044 δυνάμει
1404 1952 1424 2035 J

182 2053 311 2134 μέγιστον
330 2053 416 2134 λόγον
436 2053 506 2118 εἴτε.

225 2226 267 2289 ιε’.
292 2229 370 2309 Περὶ
391 2226 424 2286 δέ
444 2226 593 2292 κάλλους
615 2229 659 2292 ῶς
680 2225 834 2314 εἴπομεν]
857 2229 916 2287 250
938 2225 974 2287 C.

120 2399 149 2452 15
224 2393 353 2452 Βοιίλεται
367 2393 453 2452 εἰπεῖν
465 2395 528 2474 περὶ
543 2399 592 2452 τοῦ
609 2393 736 2476 ἐρωτικοῦ
750 2400 809 2459 πῶς
824 2393 953 2475 άνάγετσι
971 2393 1023 2451 ἀπὸ
1038 2398 1086 2452 τοῦ
1105 2391 1173 2471 τῇδε
1187 2391 1308 2459 κάλλους

181 2489 225 2548 ἐπὶ
238 2492 270 2548 τὸ
288 2492 386 2565 νοητὸν
401 2491 519 2557 κάλλος·
537 2493 551 2549 ὃ
566 2490 640 2572 λέγει
655 2490 702 2550 οὗν
715 2497 795 2550 τοῦτο
808 2489 890 2566 ἐστιν,
905 2492 946 2550 ότι
959 2492 989 2549 τὸ
1001 2491 1099 2564 νοητὸν
1112 2489 1214 2556 κάλλος
1230 2492 1256 2549 ἐν
1270 2496 1305 2568 τῇ

180 2595 268 2667 νοητή
288 2591 366 2663 οὐσίᾳ
383 2589 442 2667 μετ’
461 2591 571 2649 ἐκείνων
590 2597 643 2648 τῶν
660 2592 809 2668 θεαμάτων
828 2587 988 2666 ἐξέλαμψεν,
1010 2589 1056 2672 ἐρ’
1071 2591 1102 2647 οὔ
1119 2592 1260 2648 καὶτοῦτο
1274 2591 1305 2646 τὸ

182 2689 313 2762 αἰσθητὸν
327 2687 432 2756 κάλλος
447 2685 611 2768 ἐξέλαμψεν.
628 2687 730 2770 Ὥσπερ
745 2691 796 2771 γὰρ
810 2690 840 2746 τὸ
854 2694 910 2771 ρῶς
923 2690 976 2746 ἀπὸ
990 2694 1037 2746 τοῦ
1052 2688 1135 2760 ἡλίου
1150 2689 1307 2770 ἐρχόμενον

182 2790 222 2856 εἰς
241 2787 325 2846 πάντα
343 2790 389 2847 τὸν
409 2790 536 2862 αίσθητόν
554 2789 657 2865 κόσμον
675 2788 820 2864 ἐκλάμπει,
839 2787 924 2852 οὕτως
941 2789 987 2845 καί
1007 2788 1038 2845 τὸ
1058 2785 1161 2853 κάλλος
1180 2788 1233 2845 άπὸ
1254 2792 1308 2844 τῶν

120 2889 151 2941 2⁰
182 2892 292 2961 νοητῶν
304 2885 453 2970 άρξάμενον
467 2883 598 2946 θιαθαίνει
612 2887 656 2946 ἐπὶ
670 2887 717 2944 τὸν
730 2887 856 2959 αἰσθητὸν
870 2887 985 2962 κόσμον.
1004 2884 1262 2966 Ἐναργεστάτην
1279 2884 1307 2943 δί

181 2992 239 3044 τῶν
260 2987 407 3059 αἰσθήσεων
426 2986 508 3044 καλεῖ
526 2989 576 3060 τήν
598 2984 659 3064 ὄψιν
678 2987 716 3052 ὡς
736 2987 803 3066 πρὸς
825 2987 873 3052 τὰς
895 2983 983 3050 ἄλλας
1007 2986 1154 3059 αἰσθήσεις·
1176 2990 1238 3043 τῶν
1256 2985 1307 3065 γὰρ

182 3083 277 3144 ἄλλων
292 3085 480 3159 αἰσθήσεων
494 3085 561 3159 αἰίτη
577 3085 646 3144 έστίν
662 3089 680 3158 ή
697 3082 848 3158 όξυτάτη·
868 3083 909 3142 διὸ
926 3085 972 3142 καί
989 3085 1052 3164 πυρί
1065 3084 1151 3155 αὐτήν
1168 3079 1309 3164 παραθαλ-

182 3181 279 3243 λουσιν
294 3185 321 3242 οἰ
335 3185 383 3248 τὰς
397 3185 532 3258 αἰσθήσεις
544 3190 603 3250 τοῖς
616 3184 762 3266 στοιχείοις
776 3178 1010 3264 παραθάλλοντες.
1025 3182 1117 3240 Ἔσται
1132 3179 1160 3240 δέ
1172 3204 1213 3239 σοι
1228 3179 1310 3253 δῆλον

183 3282 317 3341 ἐντεῦθεν·
337 3283 401 3341 όταν
418 3282 470 3364 γὰρ
489 3283 547 3360 ἅμα
565 3283 646 3364 ψόψῳ
665 3283 761 3362 ὁρατὸν
775 3281 969 3363 παραγένηται,
983 3281 1116 3340 τουτέστιν
1131 3281 1189 3356 ἅμα
1206 3281 1308 3359 βροντῇ

121 3383 151 3434 25
182 3382 319 3463 ἀστραπή,
338 3383 469 3463 πρότερον
488 3384 598 3463 όρῶμεν
611 3381 661 3454 τήν
676 3382 825 3464 ἀστραπήν,
842 3379 893 3440 εἶθ’
908 3382 997 3447 οὕτως
1013 3381 1108 3462 χρόνῳ
1123 3381 1234 3460 θστερον
1249 3378 1309 3461 ἀρι-

91 3491 167 3553 μ159
182 3485 286 3538 κνεῑται
304 3481 320 3536 ό
338 3480 425 3562 ψόφος
445 3481 482 3544 είς
500 3482 552 3552 τὴν
566 3481 701 3561 ἡμετέραν
719 3481 816 3552 ἀκοήν.
834 3479 882 3536 m&
896 3480 922 3536 τί
938 3477 982 3552 δέ;
1002 3478 1007 3560 Ι
1027 3476 1114 3551 Δῆλον
1131 3477 1172 3534 ότι
1185 3473 1308 3547 ἐπειθὴή

184 3577 248 3656 ὄψις
264 3578 391 3660 ἐχρόνως
406 3580 467 3658 δρᾷ,
484 3580 513 3636 αἰ
530 3577 559 3636 δέ
571 3576 649 3636 όίλλαι
663 3579 800 3650 αἰσθήσεις
815 3577 916 3660 χρόνου
931 3576 1047 3636 δέονται.
1065 3573 1209 3654 Ἀναλογεῑ
1221 3571 1249 3631 δέ
1262 3573 1309 3629 καί

183 3683 221 3756 νῷ
241 3680 259 3748 ἡ
280 3675 349 3754 ὄψις·
370 3676 459 3758 ὥσπερ
478 3677 530 3758 γὰρ
549 3676 576 3734 ἐν
591 3677 687 3758 άμερεῖ
705 3677 739 3735 τά
756 3676 842 3734 πάντα
859 3677 908 3756 όρᾷ
926 3673 940 3732 ό
960 3680 1032 3750 νοῦς,
1049 3675 1122 3733 οὕτω
1136 3675 1181 3731 καί
1197 3676 1216 3745 ή
1234 3669 1307 3750 ὄψις·

183 3777 214 3833 τὸ
229 3775 280 3856 γάρ
295 3773 432 3853 διάστημα
444 3777 475 3833 τὸ
491 3774 608 3834 ἐντεῦθεν
623 3777 719 3857 μέχρις
734 3774 848 3857 οθρανοῦ
863 3773 962 3840 εὐθέως
977 3775 1037 3854 όρᾷ.

125 3955 155 4006 θθ
229 3948 275 4018 ις’.
298 3951 398 4032 Διῠρό
418 3949 447 4009 τ’
469 3949 622 4017 ἐλθόντες
641 3950 893 4033 κατειλήραμεν
914 3948 1003 4026 αὐτό]
1026 3949 1086 4009 250
1108 3948 1147 4009 D.

229 4105 393 4184 ’Δνὰμνησιν
412 4108 463 4190 γὰρ
482 4107 559 4166 αὐτὸ
579 4107 693 4166 ἐνταῦθα
713 4106 842 4186 βούλεται
862 4107 966 4166 ἐκείνου
984 4111 1032 4164 τοῦ
1050 4105 1177 4171 κάλλους.
1196 4107 1231 4163 Τὸ
1248 4103 1309 4182 θέή

186 4207 348 4289 φρόνησις
369 4207 430 4288 οὐχ
447 4208 574 4289 όρῖιται,
590 4207 661 4284 ᾗτινι
680 4207 799 4280 αἰσθήσει
818 4207 863 4265 καί
883 4203 943 4284 ’όψει
962 4206 1015 4288 οὐχ
1030 4207 1154 4286 όρᾶτειιή
1171 4205 1309 4286 φρόνησις,

218 4449 249 4504 11
267 4450 379 4502 Cannio.
393 4451 513 4530 θθθεοη.

221 4591 268 4643 ΝΟ
284 4592 296 4641 1
311 4595 398 4655 ταῦτα,
408 4613 422 4644 τ
432 4593 506 4644 rubr.
520 4596 542 4643 Α
609 4593 693 4659 μνήμη
705 4593 773 4645 plat.
787 4594 847 4646 eod.
860 4593 883 4644 B
946 4592 962 4642 9
975 4593 1004 4644 τό
1014 4605 1068 4644 om.
1081 4593 1110 4644 M
1176 4593 1206 4645 12
1221 4597 1313 4662 ὀλίγων

187 4663 283 4728 scripsi
299 4677 305 4712 τ
321 4667 406 4730 ὀλίγον
422 4664 485 4716 libri
550 4664 576 4716 δέ
595 4677 649 4716 om.
669 4664 697 4716 Μ
764 4667 876 4734 11περί,
898 4683 916 4717 π
935 4663 1009 4716 rubr.
1025 4669 1050 4717 Λ
1114 4664 1159 4730 ὠς]
1177 4663 1262 4734 ὥσπερ
1284 4669 1311 4718 Μ

188 4735 260 4786 Plat.
325 4735 355 4786 16
371 4735 421 4800 ἐπὶ]
440 4737 502 4805 πρὸς
519 4740 556 4787 Α*
620 4741 694 4790 τοῦτό
715 4743 781 4791 ἐστιν
799 4741 824 4788 Α
887 4735 917 4787 17
941 4739 1076 4802 ἐξέλαμπεν
1097 4737 1125 4786 Μ
1190 4737 1219 4788 21
1242 4741 1314 4820 πρὸς]

186 4816 256 4884 παρά
272 4815 301 4866 Μ
365 4815 397 4870 22
413 4816 517 4883 ὀξυτάτη
533 4817 622 4870 Plan:
638 4821 740 4887 όξυτίρα
755 4818 818 4870 libri
834 4817 892 4882 (sod
907 4821 954 4881 At)
1019 4816 1050 4868 ³0
1066 4819 1149 4886 δεῦρο,
1165 4821 1178 4870 δ
1193 4819 1313 4872 rubr.A
