3604 5690
445 644 491 696 ιιι
826 633 967 687 mmor
987 636 1185 690 σιιοεοοοε

348 793 414 862 [178]
447 789 559 872 οἰφελεῖν
573 796 627 848 τῶν
640 795 764 870 ἡμερῶν·
781 795 862 848 τοῦτο
878 787 907 848 δέ
919 787 984 850 αύτδ
998 792 1039 850 δτι
1054 791 1095 851 δεῖ
1107 795 1153 852 καί
1166 795 1246 877 μέρος
1256 803 1305 868 τῆς
1316 795 1410 864 νυκτθς
1422 796 1565 878 ἀγρυπνεῖν

446 889 543 954 ἐντοῖς
557 889 691 967 πολέμοις
706 883 835 956 ἐδίδαξεν.

485 1045 542 1123 μετ’.
565 1042 634 1100 Ἐάν
655 1041 688 1100 δέ
709 1044 810 1122 δρῶσι
831 1039 1106 1124 διαλεγομένους]
1129 1045 1188 1104 259
1209 1044 1246 1105 Α.

483 1177 599 1256 Ὥσπερ,
613 1179 704 1258 φησίν,
722 1179 748 1234 ολ
764 1178 814 1235 ύπδ
829 1180 966 1258 Σειρήνων
981 1176 1178 1254 καθελκύμενοι
1192 1182 1237 1238 καί
1251 1180 1492 1258 κατακηλούμενοι
1505 1181 1565 1240 ἐπε·

396 1285 411 1333 5
443 1274 558 1334 λάθοντο
572 1285 622 1348 τῆς
635 1275 738 1341 οίκείας
753 1274 894 1355 πατρίδος,
912 1277 983 1334 οὕτω
997 1279 1040 1336 καί
1055 1281 1152 1353 ἡμεῖς,
1170 1279 1214 1336 ἐάν
1226 1279 1378 1355 κηλούμεθα
1394 1282 1445 1338 ύπδ
1459 1280 1564 1338 τούτων

337 1381 428 1433 mv·
444 1381 498 1434 τῖον
515 1375 686 1456 φαινομένων
704 1377 816 1432 καὶτῶν
830 1375 957 1454 τεττίγων
972 1377 1017 1434 καίΙ
1032 1377 1071 1442 είς
1088 1377 1170 1434 ύπνον
1183 1377 1408 1458 καταφερεύμιθα,
1428 1379 1434 1459 ]
1452 1377 1564 1438 ἐπιλαν-

442 1473 578 1548 θανύμεθα
595 1481 646 1545 τῆς
665 1472 765 1538 οἰκείας
784 1470 914 1552 πατρίδος
934 1473 979 1530 καί
1000 1481 1052 1546 τῆς
1073 1475 1110 1538 είς
1130 1475 1160 1531 τὸ
1179 1475 1278 1547 νοητὸν
1298 1475 1457 1555 ἀναγωγῆς·
1476 1475 1521 1534 ἐάν
1536 1473 1565 1534 δέ

443 1570 620 1651 διεγείρωμεν
640 1571 742 1629 έαυτιῖιν
763 1571 793 1628 τδ
815 1568 964 1652 διορατικὸν
983 1574 1029 1631 καί
1050 1571 1219 1652 ἐπάγρυπνον
1238 1576 1284 1631 καί
1306 1575 1346 1649 μή
1365 1573 1566 1650 καθελκύμεθα

443 1670 493 1727 ύπδ
515 1667 710 1749 γλυκυθυμίας,
733 1668 921 1750 παραπλέομεν
941 1670 1030 1750 ὥσπερ
1050 1673 1064 1728 θ
1084 1670 1224 1736 Ὀδυσσεύς
1242 1673 1287 1731 καί
1306 1673 1500 1755 παρερχόμεθα
1517 1673 1565 1730 τδν

381 1775 411 1826 10
442 1767 554 1826 ἐνταῦθα
575 1769 634 1846 βίον
654 1770 699 1826 καί
720 1765 867 1843 άξιούμεθα
884 1777 934 1840 τῆς
954 1769 1055 1834 οἰκείας
1075 1770 1203 1851 πατρίδος
1223 1773 1269 1830 καί
1288 1781 1337 1844 τῆς
1356 1772 1399 1829 ἐπὶ
1417 1773 1448 1829 τὸ
1467 1772 1565 1844 νοητὸν

442 1867 595 1945 ἀναγωγῆς.
612 1899 651 1910 -
667 1863 700 1922 ‘¹0
721 1867 818 1946 γέρας
840 1869 924 1946 παρὰ
944 1873 1033 1925 θεῶν
1054 1863 1193 1948 ἔχουσιν·
1217 1868 1282 1926 δ’ταν
1304 1867 1363 1939 ούν,
1377 1869 1462 1952 φησί,
1486 1868 1566 1942 δυνη-

442 1967 532 2039 θῶμεν
545 1964 592 2028 τάς
609 1971 740 2044 Σειρῆνας
756 1965 804 2028 τάς
820 1964 846 2022 έν
861 1971 898 2044 τῷ
914 1965 1034 2044 αίσθητῷ
1048 1967 1146 2043 κύσμιρ
1162 1966 1358 2046 παραπλεῦσαι,
1376 1969 1415 2032 ὡς
1430 1965 1462 2025 δν
1478 1965 1567 2032 είποις

442 2060 570 2139 δαίμονάς
585 2084 658 2127 τινας
673 2061 837 2142 κατέχοντας
854 2065 901 2127 τάς
918 2065 1008 2146 ψυχάς
1028 2067 1090 2143 περὶ
1109 2067 1160 2136 τήν
1179 2067 1292 2144 γένεσιν,
1308 2066 1370 2124 τότε
1390 2069 1415 2123 οί
1434 2064 1563 2145 τέττιγες,

442 2163 576 2220 τουτέστιν
595 2164 623 2219 αί
643 2167 718 2220 θεῖαι
736 2161 822 2243 ψυχαί
840 2163 884 2218 καί
905 2164 931 2220 οί
950 2163 1022 2236 θεοί,
1046 2165 1165 2242 δρῶντες
1186 2167 1260 2240 ἡμᾶς
1279 2164 1495 2230 καταναστάντας
1514 2171 1565 2236 τῆς

382 2265 412 2317 15
444 2263 574 2341 γενέσεως
596 2261 641 2319 καί
661 2259 794 2324 εεοειδῶς
818 2263 957 2334 ζήσαντας,
981 2263 1011 2319 τὸ
1033 2261 1157 2341 μέγιστον
1178 2263 1331 2342 ἀνθρώποις
1351 2264 1431 2344 γέρας
1452 2263 1567 2336 <θν>

442 2359 540 2436 δοῖεν,
559 2359 679 2416 τουτέστι
697 2361 815 2440 χρῆσθαι
833 2363 902 2434 ἡμῖν
920 2358 1041 2424 ὀπαδοῖς
1063 2361 1154 2442 ὥσπερ
1172 2361 1222 2442 γὰρ
1241 2363 1268 2418 οί
1288 2361 1350 2420 seo?
1366 2359 1497 2442 ’ἄγρυπνοί
1516 2362 1566 2419 είσι

443 2457 511 2540 [καί]
523 2460 591 2516 κατὰ
602 2461 652 2530 τήν
665 2458 767 2515 οίκείαν
780 2457 923 2538 ἐνέργειαν,
941 2459 1029 2523 ούτως
1045 2461 1088 2515 καί
1101 2463 1186 2534 ἡμεῖς
1202 2456 1351 2540 ὀφείλομεν
1362 2461 1431 2516 κατά
1445 2461 1476 2517 τὸ
1490 2457 1567 2518 δυνα-

442 2559 489 2614 τὸν
503 2555 642 2636 διεγείρειν
656 2558 730 2631 ἡμᾶς
745 2555 854 2621 αύτούς·
871 2557 931 2614 τότε
947 2555 975 2614 δέ
990 2554 1175 2636 διεγειρύμεθα
1191 2557 1236 2614 ἐάν
1250 2559 1354 2614 καὶτὸν
1370 2557 1456 2637 λόγον
1475 2559 1520 2616 τὸν
1539 2557 1566 2615 ἐν

442 2659 510 2730 ἡμῖν
528 2655 742 2730 ἀνακινθσωμεν.
765 2657 796 2711 Οί
815 2655 1056 2735 3εωρητικιύτερον
1076 2653 1105 2712 δέ
1124 2649 1325 2736 ἐξηγησάμενοι
1339 2660 1388 2728 τὴν
1406 2654 1507 2715 Ἰλιάδα
1520 2659 1566 2714 καί

380 2758 412 2809 θθ
441 2755 491 2826 τὴν
508 2753 658 2811 Ὀδύσσειαν
674 2754 718 2810 καί
736 2755 786 2825 τήν
805 2751 938 2815 ἄνοδον...
958 2751 1010 2824 διὸ,
1027 2755 1115 2834 φασίν,
1137 2754 1211 2831 ἐντῇ
1230 2752 1333 2824 Ἰλιάδι,
1348 2753 1441 2826 ἐπειδὴ
1456 2759 1474 2827 ί,
1490 2757 1565 2836 ψυχὴ

443 2852 608 2928 πολεμεῖται
622 2851 652 2908 ἐκ
665 2861 716 2924 τῆς
732 2850 810 2926 ύλης,
829 2852 920 2934 μάχας
935 2854 980 2909 καί
993 2852 1134 2927 πολέμους
1148 2854 1194 2910 καὶ
1209 2853 1243 2910 τά
1259 2858 1370 2930 τοιαῦτα
1384 2853 1524 2926 ἐποίησεν,
1539 2853 1567 2912 έν

431 2949 473 3008 ’δέ
486 2956 519 3027 τι]
537 2947 710 3022 Ὀδυσσεία...
726 2948 914 3030 παραπλέοντα
928 2952 976 3014 τάς
993 2957 1125 3030 Σειρῆνας
1136 2952 1182 3008 καί
1200 2951 1366 3032 ἐκφεύγοντα
1383 2953 1435 3022 τὴν
1454 2953 1565 3032 Κίρκην,

444 3049 505 3114 τούς
525 3048 684 3122 Κύκλωπας,
702 3051 751 3121 τήν
771 3047 886 3125 Καλυψὼ
907 3050 952 3106 καί
973 3049 1058 3106 πάντα
1076 3051 1109 3106 τά
1131 3047 1312 3125 ἐμποδίζοντα
1332 3050 1401 3129 πρὸς
1423 3050 1567 3130 ἀναγωγὴν

443 3153 536 3230 ψυχῆς
550 3149 595 3204 καί
610 3150 677 3223 μετὰ
690 3153 775 3206 ταῦτα
790 3146 941 3204 ἀπελθόντα
957 3149 992 3213 είς
1007 3149 1058 3218 τὴν
1072 3147 1201 3228 πατρίδα,
1215 3149 1351 3207 τουτέστιν
1363 3149 1399 3212 εἰς
1412 3149 1443 3205 τὸ
1458 3149 1565 3220 νοητόν.

381 3311 411 3362 25
481 3305 543 3387 ρις’.
568 3305 602 3371 “0
623 3305 720 3387 γέρας
743 3307 827 3386 παρὰ
848 3307 949 3382 θεῶν]
972 3306 1031 3365 259
1053 3304 1089 3363 B.

485 3455 568 3506 Ποῖον
586 3453 666 3506 τοῦτο
685 3447 784 3527 γέρας
805 3445 885 3528 φησί;
907 3446 937 3502 τὸ
956 3443 1140 3523 ἀπαγγέλλειν
1160 3445 1193 3502 τά
1214 3445 1274 3526 περί
1294 3447 1375 3520 ἡμῶν
1394 3451 1455 3509 τοῖς
1477 3449 1566 3517 θεοῖς,

444 3547 534 3628 ὥσπερ
554 3545 582 3604 δέ
601 3547 681 3624 ἐντῷ
701 3545 880 3620 Συμποσίῳ
899 3543 1010 3618 ἐποίησε
1029 3544 1090 3623 περὶ
1104 3550 1154 3601 τού
1168 3543 1288 3622 Ἔρωτος
1308 3542 1402 3623 (μέσον
1416 3543 1468 3622 γάρ
1487 3543 1568 3600 αύτδν

443 3647 534 3719 τίθησι
548 3651 622 3703 θεῶν
633 3645 678 3701 καί
689 3643 849 3723 ἀνθρώπων,
865 3640 1008 3718 δαίμονα
1028 3641 1108 3700 αύτὸν
1124 3640 1211 3719 λέγων
1224 3643 1269 3698 καί
1283 3639 1298 3699 δ
1305 3641 1569 3722 ιαπορθμεύοντα

444 3745 478 3803 τά
500 3742 620 3823 ἡμέτερα
643 3741 710 3822 πρὸς
734 3741 797 3805 τούς
819 3739 914 3805 θεούς·
939 3741 992 3796 καί
1015 3741 1076 3820 γάρ
1096 3745 1158 3796 πᾶν
1183 3740 1218 3796 τὸ
1243 3738 1420 3816 δαιμόνιον
1446 3735 1569 3814 μεταξύ

480 3985 511 4036 27
528 3983 636 4035 θοοοίο.
651 3981 698 4034 202
713 3981 734 4030 E

476 4109 538 4160 Tl'l'
554 4108 586 4160 29
601 4110 629 4161 το
644 4108 774 4171 δαιμόνιον
789 4107 866 4172 φῦλον
882 4104 971 4169 μεταξύ
986 4107 1048 4156 θεῶν
1063 4107 1106 4156 καί
1121 4104 1260 4172 ἀνθρώπων
1275 4105 1296 4155 C

477 4234 524 4285 Nc
539 4233 556 4285 2
572 4237 597 4284 έν
613 4235 665 4290 τοῖς
683 4225 811 4293 πολέμοις]
824 4229 849 4279 έν
862 4233 893 4302 τῇ
908 4225 1028 4298 Πολιτεία
1041 4227 1078 4276 ct.
1094 4225 1195 4277 111404
1209 4229 1243 4286 Α,
1259 4226 1306 4276 vel
1319 4229 1372 4283 ταῖς
1387 4227 1522 4284 πολιτείαις
1535 4225 1569 4289 (θ)

508 4304 591 4364 θέίιν,
611 4301 750 4354 ίταδσ.Α
813 4298 984 4351 ίοίοω.Μ
1047 4297 1323 4365 8διστγερτικδνίείο]
1344 4301 1383 4348 A·
1444 4297 1570 4364 9παρερ·

446 4375 552 4445 χύμεθα]
576 4372 824 4440 παραφυλασαθμεθα
847 4371 884 4418 Α·
947 4367 977 4417 12
999 4367 1088 4433 εἴποις]
1110 4370 1176 4419 εῐποι
1198 4387 1233 4425 τις
1257 4370 1294 4417 Α·
1358 4367 1388 4416 13
1409 4366 1569 4434 κατέχοντας]

446 4451 597 4515 συνέχοντας
609 4448 646 4494 Α·
709 4442 738 4493 14
756 4439 926 4502 καταστάντας
947 4441 974 4490 Μ
1039 4439 1070 4490 15
1086 4439 1116 4491 ἃν
1129 4437 1222 4488 addidi
1285 4439 1315 4488 16
1333 4441 1441 4506 χρῆσθαι
1456 4437 1569 4501 scripsi:

447 4529 556 4588 χρῶνται
571 4515 635 4567 libri
649 4516 720 4576 (fort.
737 4509 865 4580 χρῷντοί]
929 4513 1032 4569 ὀπαδοῖς
1048 4509 1075 4559 M
1140 4507 1171 4560 17
1185 4511 1228 4559 καί
1243 4509 1343 4559 seclusi
1407 4508 1438 4558 20
1456 4509 1568 4560 άνοδονε

447 4591 524 4642 deest
536 4588 639 4652 aliquid
654 4592 685 4636 ut
700 4592 743 4648 τῆς
762 4587 845 4650 ψυχῆς
865 4579 936 4633 εἷπον
957 4580 1093 4633 ἀπεικάσαι
1112 4582 1154 4632 τὀν
1173 4581 1292 4645 Ὅμηρον
1355 4581 1384 4631 21
1403 4579 1486 4646 μάχας
1499 4598 1525 4630 τε
1541 4579 1567 4627 Μ

509 4664 626 4724 ἐποίησεν
647 4655 706 4706 scil.
721 4655 858 4705 Homerus
920 4652 951 4703 22
968 4651 1153 4716 supplendum
1171 4651 1229 4700 iere
1253 4651 1326 4709 <τ“ον
1348 4650 1509 4709 Ὀδυσσέα>

447 4731 536 4781 θθκαὶ
551 4733 613 4778 ante
627 4725 707 4778 πάντα
719 4735 801 4787 supra
815 4736 887 4773 vers.
904 4723 936 4772 Αί
1001 4721 1183 4773 ἤθεσιν-,Α
1247 4720 1347 4770 θθιιοιι
1359 4720 1388 4770 τὸ
1403 4718 1451 4768 sed
1464 4720 1494 4771 τα
1506 4725 1571 4768 ante

449 4802 613 4870 ἀπαγγέλλειν
626 4797 725 4864 legitur
741 4795 768 4846 in
786 4797 810 4846 Α
873 4793 905 4846 89
922 4789 1011 4862 μεταξύ
1025 4797 1076 4846 έστι
1090 4795 1148 4845 θεοῦ
1163 4810 1188 4845 τε
1202 4793 1245 4842 καί
1261 4793 1350 4856 θνητοῦ
1366 4789 1436 4842 Plan.
