3660 5686
544 664 599 714 ΕΙΣ
620 664 680 714 TON
703 664 879 714 [IAATQNOS
901 665 1043 716 remor
1067 665 1189 716 ΣΧΟΜΑ
1385 677 1430 728 111

210 821 275 889 [118]
307 817 338 872 τὸ
360 816 411 895 γδιρ
429 817 504 874 εἶναι
528 817 591 874 αὐτὸ
612 817 807 896 έτεροκίνητον,
834 818 1006 878 τουτέστιν...
1030 816 1222 891 <κωλύει·>
1247 816 1304 876 οὐδ’
1328 818 1378 898 δίρα
1400 819 1431 876 τὸ

309 916 521 994 συναμφότερον·
546 916 665 974 λείπεται
687 914 726 991 δέ,
751 917 773 973 εί
794 914 885 991 μέλλει
905 918 935 972 τὸ
958 917 1145 997 έτεροκίνητον
1167 917 1207 975 ἀεί
1229 917 1430 990 κινηθήαεσθαι,

308 1015 338 1070 τό
358 1015 495 1085 κινητικόν
516 1014 659 1094 έστράρθαι
677 1015 744 1093 πρὸς
765 1014 840 1071 αύτό·
862 1012 927 1070 ἀλλ’
948 1014 990 1072 έπί
1009 1021 1063 1072 τῶν
1084 1015 1157 1073 όλων
1176 1016 1221 1072 καὶ
1240 1014 1332 1073 ἀιδίων
1350 1022 1431 1073 τοῦτο

201 1133 228 1182 p.
240 1117 285 1169 119
309 1111 340 1168 ού
356 1110 432 1186 θέμις
449 1113 480 1169 τὸ
495 1113 528 1168 τὰ
540 1113 681 1192 κρείττονα
700 1112 704 1191 ί
724 1112 866 1192 έστρόρθαι
880 1114 948 1192 πρὸς
968 1113 1000 1169 τὰ
1019 1115 1120 1171 ἒαυτῶν
1139 1113 1341 1194 καταδεέστερα·
1359 1113 1432 1171 ’ἔσται

261 1219 276 1267 5
308 1211 359 1290 γὰρ
378 1211 411 1267 τὲι
431 1211 481 1286 μέν
500 1211 641 1290 κρείττονα
658 1208 739 1268 ένεκί
754 1233 812 1282 του,
828 1212 860 1267 τὰ
874 1209 903 1268 δέ
915 1210 1112 1292 καταδεέστερα
1128 1213 1159 1270 ού
1173 1209 1262 1284 ἓνεκα,
1279 1211 1344 1292 ὅπερ
1360 1212 1431 1269 ἐστὶν

308 1307 492 1365 ἀτοπώτατον·
515 1309 564 1366 ούκ
582 1306 633 1388 ἀ’ρα
651 1309 681 1364 τό
701 1309 883 1389 έτεροκίνητον
902 1309 987 1386 ταύτῃ
1008 1309 1050 1366 ἀεί
1068 1313 1241 1382 κινηθήσεται
1260 1311 1298 1384 μή
1318 1309 1432 1390 ἐστραμ-

309 1407 397 1482 μένων
414 1413 468 1464 τῶν
487 1407 581 1466 ἀιδίων
600 1410 667 1488 πρὸς
688 1409 763 1466 αύτό.
784 1409 813 1464 Ei
833 1406 861 1464 δέ
878 1407 978 1483 μέλλοι
996 1409 1063 1465 ποτέ
1081 1412 1221 1484 κινεῖσθαι,
1241 1407 1281 1466 δεῖ
1298 1407 1361 1466 αὐτὸ
1380 1408 1430 1465 iri

308 1503 394 1562 ίίλλου
408 1507 588 1586 προσάγεσθαι
602 1513 640 1581 τῷ
654 1512 784 1580 κινητικῷ
800 1505 886 1582 αἰτίῳ,
902 1506 954 1586 ούχ
970 1507 1066 1570 ἁπλῶς
1080 1513 1211 1578 τοπικῶς,
1226 1505 1300 1564 ἀλλὰ
1314 1507 1359 1563 καί
1372 1505 1431 1563 κατ’

307 1603 521 1676 ἐπιτηδειότητα.
546 1606 574 1662 Ei
598 1603 645 1662 ούν
665 1602 733 1662 ἄλλο
755 1605 820 1661 αύτὸ
842 1609 943 1680 συνῆψε
965 1611 1002 1683 τῷ
1023 1611 1155 1680 κινητικῷ
1179 1606 1257 1679 αἰτίῳ
1281 1605 1334 1661 ἀπό
1357 1627 1430 1669 τινος

243 1710 275 1763 10
306 1701 418 1780 χρόνου,
442 1706 500 1760 οἷον
523 1702 572 1774 ἥδε
593 1708 610 1774 ἡ
633 1705 764 1784 περιφορὰ
784 1704 829 1759 καί
853 1701 915 1760 τάδε
936 1704 969 1760 τὰ
990 1707 1131 1784 σχήματα,
1155 1701 1239 1760 πόλιν
1262 1704 1307 1760 καί
1329 1701 1357 1758 ἔν
1378 1724 1432 1761 τινι

305 1801 398 1880 χρόνῳ
416 1799 467 1871 ἥδε
487 1805 504 1872 ἡ
524 1803 657 1882 περιρορδ
675 1804 720 1858 καί
738 1803 772 1858 τὰ
789 1800 878 1859 τοιάδε
896 1803 1026 1882 σχήματα
1045 1801 1109 1858 αὐτὸ
1127 1799 1248 1859 διαλύσει
1263 1801 1315 1858 ἀπὸ
1330 1807 1377 1858 τοῦ
1392 1824 1432 1858 κι-

307 1904 416 1970 νητικοῦ
434 1899 535 1956 αἰτίου·
557 1899 647 1964 ἁπλῶς
664 1899 715 1980 γὰρ
736 1901 819 1957 εἰπεῖν
838 1901 924 1956 πάντα
944 1900 977 1955 τὰ
996 1901 1046 1956 ὑπὸ
1066 1898 1230 1974 κινουμένων
1250 1900 1345 1956 αίτίων
1363 1901 1433 1978 γινό-

308 2019 373 2072 μενα
388 1997 414 2054 έν
427 1998 521 2078 χρόνῳ
535 2001 580 2054 καί
595 1999 697 2077 γίνεται
714 2000 757 2054 καί
772 1998 919 2078 φθείρεται,
936 1998 969 2054 τὰ
985 1996 1013 2054 δέ
1028 1999 1079 2054 ὑπὸ
1094 1999 1227 2070 ἀκινήτων
1241 1999 1284 2055 ἀεί
1301 1999 1431 2063 ὡσαύτως

307 2094 422 2170 γίνεται.
442 2092 527 2151 Ἀλλὰ
546 2101 617 2169 πῶς,
640 2094 714 2153 είποι
732 2117 772 2160 τις
792 2095 833 2168 έν,
854 2095 884 2151 τό
905 2097 956 2152 ὑπὸ
977 2095 1097 2168 σελήνην
1113 2097 1153 2152 ἀεὶ
1169 2099 1292 2168 κινεῖται,
1310 2095 1432 2174 ἓτεροκί-

246 2202 275 2250 15
308 2215 388 2262 νητον
409 2190 455 2269 όν,
476 2193 508 2249 'il
529 2192 658 2252 ούδέποτε
677 2195 707 2251 τό
728 2193 793 2251 αύτό
813 2193 883 2250 ἐστιν
903 2195 944 2251 ἀεί
964 2192 1025 2250 οὐδέ
1045 2191 1104 2250 κατ’
1126 2194 1239 2272 οἰριθμὸν
1260 2192 1380 2268 διαμένει
1401 2194 1431 2250 τὸ

309 2291 383 2366 aiei,
404 2292 427 2348 εί
449 2295 487 2366 μή
507 2299 546 2367 τῷ
567 2291 646 2351 είδὲι·
661 2295 730 2351 ὥστε
746 2295 769 2351 εί
786 2297 824 2370 μή
842 2293 872 2350 τὸ
888 2293 953 2350 αύτό
972 2292 1025 2349 έστι
1040 2292 1151 2350 κατὰτὸ
1167 2293 1430 2367 ὑποκείμενον,πὼς

308 2389 339 2446 ἂν
355 2390 507 2462 ἀεικίνητον
523 2390 581 2465 είη;
598 2392 666 2448 κατὰ
683 2393 764 2472 μόρια
778 2394 828 2472 γὰρ
844 2393 1020 2472 φθειρόμενον
1040 2397 1079 2465 τῷ
1096 2389 1164 2448 είδει
1184 2391 1224 2448 ἀεὶ
1244 2391 1274 2446 τό
1295 2390 1358 2447 αὐτὸ
1374 2389 1432 2448 δια-

309 2487 395 2563 μένει.
417 2495 479 2554 Πῶς
503 2487 531 2546 δέ
554 2491 576 2547 εί
598 2493 669 2566 μήτε
688 2494 706 2562 ί,
727 2491 830 2569 γένεσις
853 2492 948 2562 ἑαυτήν
969 2488 1078 2546 δύναται
1098 2489 1243 2569 προσάγειν
1266 2495 1305 2564 τῷ
1328 2489 1431 2569 ούρανῷ

308 2588 492 2665 έτεροκίνητος
513 2587 579 2645 ούσα
600 2592 668 2664 μήτε
689 2591 703 2645 6
723 2589 833 2670 ούρανὸς
850 2587 995 2669 έστραπται
1014 2590 1081 2668 πρὸς
1099 2591 1149 2659 τήν
1167 2587 1268 2666 γένεσιν
1287 2587 1372 2645 διὰτὸ
1392 2590 1430 2662 μί,

308 2684 363 2742 δεῖν
377 2687 409 2742 τὰ
424 2689 568 2766 κρείττονα
582 2688 725 2768 ἑστριίρθαι
740 2689 806 2768 πρὸς
823 2689 855 2745 τὰ
869 2687 1075 2767 καταδεέστερα,
1091 2687 1173 2744 πόθεν
1187 2683 1366 2767 καταδέχεται
1383 2687 1432 2756 τήν

308 2782 513 2856 ἐπιτηδειότητα
527 2788 544 2856 i,
559 2785 678 2863 γένεσις;
696 2783 733 2840 ’Ἦ
748 2783 843 2864 ῥητέον
859 2785 899 2841 ότι
916 2788 933 2855 ί,
949 2785 1057 2856 κίνησις
1071 2789 1119 2839 τοῦ
1140 2783 1252 2863 ούρανοῦ
1273 2781 1432 2862 δραστήριον

308 2881 375 2940 ούσα
389 2891 461 2940 ποιεῖ.
476 2883 513 2947 είς
530 2883 562 2939 τὰ
580 2885 630 2939 ὑπὸ
645 2882 778 2956 σελήνην,
796 2886 834 2960 μή
851 2883 1043 2963 ἐστραμμένων
1058 2889 1113 2938 τῶν
1128 2883 1258 2962 οὐρανίων
1272 2883 1338 2961 πρὸς
1353 2881 1430 2954 αύτόι,

307 2979 396 3061 ὥσπερ
412 2979 444 3052 δι’,
460 2983 504 3038 καί
517 2983 531 3037 6
543 2981 625 3052 ἥλιος
641 2983 748 3062 ρωτίζει
762 2981 811 3038 ούκ
828 2981 1012 3060 έστραμμένος
1028 2981 1096 3060 πρὸς
1112 2979 1145 3036 τὰ
1159 2979 1342 3060 ρωτιζόμενα,
1360 2976 1432 3034 ἀλλὰ

308 3085 341 3155 τῇ
364 3080 528 3155 συμπαθείᾳ.
552 3077 637 3136 Ἀλλὰ
658 3085 717 3143 πῶς
740 3081 754 3135 6
776 3079 885 3159 ούρανὸς
909 3084 990 3153 σῶμα
1012 3077 1049 3134 ὢν
1068 3079 1117 3134 οὐκ
1137 3076 1206 3134 ἔστιν
1228 3077 1430 3156 έτεροκίνητος,

246 3187 276 3237 25
309 3174 382 3233 ἀλλὰ
397 3177 587 3252 αύτοκίνητος,
606 3179 628 3235 εί
643 3176 670 3235 δέ
684 3178 881 3258 έτεροκίνητος,
898 3183 956 3241 πῶς
969 3177 1037 3234 ἐστιν
1052 3177 1219 3248 ἀεικίνητος,
1238 3175 1275 3230 Ἢ
1290 3178 1304 3231 6
1322 3175 1433 3254 οὐρανὸς

309 3275 370 3332 ούτε
388 3276 572 3355 έτεροκίνητος
592 3276 654 3333 ούτε
675 3274 768 3341 ἁπλῶς
788 3281 880 3350 σῶμα,
902 3275 975 3332 ἀλλὰ
995 3273 1078 3330 ἄυλον
1101 3279 1191 3346 σῶμα·
1213 3273 1329 3353 έρούμεν
1345 3271 1373 3328 δέ
1391 3272 1432 3328 ότι

309 3369 398 3430 διττόν
416 3376 446 3430 τὸ
463 3374 650 3446 αὐτοκίνητον,
668 3376 698 3431 τὸ
716 3377 764 3449 μέν
778 3373 883 3431 ἁπλοῦν
898 3376 943 3430 καί
960 3373 1072 3451 ἀμερές,
1090 3374 1104 3428 6
1121 3373 1166 3428 καί
1179 3371 1279 3451 κυρίως
1296 3371 1367 3427 ἐστίν
1385 3369 1431 3426 αύ-

309 3473 463 3545 τοκίνητον,
480 3476 510 3530 τὸ
526 3473 555 3530 δέ
572 3475 599 3530 έν
615 3473 749 3530 διαστάσει
764 3471 819 3544 ήδη
836 3470 1037 3552 προεληλυθδς,
1062 3469 1115 3550 οὐχ
1130 3469 1225 3534 ἁπλῶς
1244 3471 1346 3545 μέντοι·
1365 3469 1431 3526 καθὸ

308 3572 359 3649 γὰρ
380 3569 508 3648 δίγκωται
528 3573 597 3627 κατὰ
619 3576 747 3628 τοσοῦτον
770 3575 816 3626 τοῦ
840 3568 939 3646 κυρίως
964 3568 1143 3646 αὐτοκινήτου
1165 3563 1339 3646 παρήλλαξε,
1365 3567 1431 3623 καθὸ

247 3678 277 3728 30
310 3671 402 3744 μέντοι
423 3673 495 3742 ζωῆς
510 3676 648 3749 συμφυοῦς
664 3669 691 3726 έν
706 3674 740 3745 τῇ
756 3671 852 3724 ἑαυτοῦ
868 3668 944 3738 oie-13
963 3667 1103 3746 μετέσχεν,
1121 3665 1188 3722 ὥστε
1203 3687 1233 3722 σε
1250 3666 1288 3740 μη
1306 3663 1433 3721 δύνασθαι

309 3767 437 3848 χωρίζειν
451 3767 522 3842 μηδὲ
537 3773 573 3846 τῷ
590 3767 666 3847 λόγῳ
682 3767 769 3824 έκεῖνο
784 3769 814 3823 τὸ
830 3773 911 3841 σῶμα
925 3767 969 3821 καίΙ
988 3767 1038 3836 τήν
1054 3766 1128 3834 ζωήν
1143 3763 1237 3836 αύτοϋ,
1254 3764 1323 3820 κατὰ
1337 3767 1433 3819 τοσοῦ-

309 3887 353 3922 τον
372 3862 495 3946 ἔχεικαὶ
514 3869 564 3937 τήν
585 3865 775 3938 αότοκινησίαν
795 3865 821 3922 έν
840 3869 874 3940 τῇ
895 3863 985 3935 οἰκεία
1004 3862 1092 3934 oie-34·
1114 3866 1206 3943 ψυχῆς
1225 3861 1337 3941 γὰρκαὶ
1360 3863 1432 3932 ζωῆς

340 4127 401 4179 TIT
423 4129 454 4178 14
471 4129 572 4194 ἀπορία·
588 4121 658 4184 λύσις
674 4125 720 4176 ΑΟ
785 4123 814 4173 18
831 4125 933 4188 ἀπορία
949 4117 1019 4178 λύσις
1039 4118 1085 4171 Ac
1149 4118 1180 4168 24
1197 4119 1299 4184 ἀπορία·
1318 4110 1388 4174 λύσις
1408 4118 1431 4164 Α

341 4263 388 4314 NC
408 4264 422 4315 l
441 4264 501 4315 αύτδ
516 4267 694 4330 ίτεροκίνητον,
709 4263 874 4320 τουτέστιν...,
891 4251 1044 4317 (meridi)
1060 4255 1153 4319 scripsi
1169 4267 1282 4306 sensum
1301 4267 1355 4303 non
1371 4263 1431 4304 iex-

308 4342 367 4386 ium
382 4336 522 4387 restituere
537 4339 651 4385 conatus
672 4335 810 4392 ilacunam
834 4332 873 4381 sic
890 4331 948 4380 iere
965 4327 1149 4392 supplendam
1164 4339 1265 4377 censeo
1283 4339 1291 4374 :
1307 4327 1432 4376 τουτέστιν

309 4409 381 4467 (ὑπ’
396 4408 473 4460 ἀλλον
489 4406 653 4472 ἀγόμενον>)
668 4420 673 4454 z
691 4405 757 4471 αύτῷ
773 4400 935 4469 ἑτεροκινήτῳ
954 4403 1027 4452 τοῦτό
1047 4403 1112 4450 ἐστιν
1134 4397 1188 4462 (vel
1208 4395 1328 4458 τουτέστι)
1346 4395 1430 4446 libri:

309 4492 471 4528 «mancam
489 4492 548 4526 esre
567 4475 724 4526 orationem
745 4477 863 4538 apparet
878 4489 891 4518 ο
911 4475 969 4522 Aer
1031 4471 1046 4519 2
1066 4471 1091 4521 δὲ
1109 4469 1204 4532 scripsi
1226 4483 1232 4519 τ
1257 4467 1287 4530 δὴ
1307 4467 1370 4517 libri

309 4549 393 4612 ὅτου]
415 4545 503 4601 τούτου
528 4548 556 4596 Μ
620 4545 697 4611 δμὴ]
721 4548 763 4596 καὶ
789 4545 818 4594 Μ
882 4543 998 4606 Ἱμέλλει
1024 4539 1053 4590 Μ
1116 4540 1225 4602 θόὶλλο]
1246 4541 1320 4596 ἄλλος
1341 4537 1368 4588 Μ
1485 4593 1493 4612 .

310 4623 339 4672 10
355 4619 411 4685 τινι]
424 4641 446 4671 τι
462 4621 489 4669 M
505 4619 570 4682 (jam
582 4624 738 4669 correxerat
752 4617 819 4680 Asr)
884 4614 914 4664 12
934 4617 1019 4664 αἰτίων
1034 4627 1088 4664 orn.
1105 4607 1135 4662 M
1200 4611 1230 4660 1³
1247 4613 1286 4661 ἀεὶ
1301 4615 1335 4667 ὼς
1351 4605 1434 4660 ὡσαύ-

308 4692 418 4751 τωςΜΥ
465 4691 495 4741 17
511 4693 539 4742 τὸ
554 4691 625 4754 αὐτὸ]
638 4699 672 4758 τῷ
688 4689 800 4756 αύτῴΜ
864 4686 893 4737 21
912 4685 1059 4752 δραστήριος
1071 4681 1099 4732 Μ
1164 4683 1194 4734 23
1213 4683 1389 4748 ἐστραμμένοις
1403 4673 1431 4729 Μ

371 4763 401 4813 25
419 4761 496 4827 ἐστιν]
518 4762 631 4814 έσταιΜ
695 4759 726 4810 27
744 4762 786 4810 καί
806 4763 870 4809 anie
888 4761 981 4824 κυρίως
1000 4756 1100 4806 om.M
1166 4754 1271 4804 ἐὀτινΑ
1335 4751 1433 4802 ffirm-

310 4837 441 4902 ρεληλνθδς
458 4835 485 4884 Μ
551 4835 581 4882 30
602 4833 703 4897 ἑαυτοῦ]
725 4831 801 4882 αὐτοῦ
822 4829 851 4878 Μ
916 4829 996 4903 32τῄ
1021 4825 1095 4896 ούαίηι
1117 4833 1146 4900 τή
1168 4823 1249 4896 οίκεία
1274 4823 1301 4874 Μ
