3604 5690
466 558 514 610 260
850 553 991 606 mmor
1011 555 1209 608 ΦΙΛΟΣΟΦΟΥ

368 710 436 778 [2021
510 707 578 766 σοθ’.
595 705 652 762 Τὸν
670 711 726 763 τοῦ
745 705 871 772 εἰδότος
891 705 990 786 λόγον
1010 707 1139 788 λέγεις]
1161 711 1219 770 276
1234 710 1271 770 Α.

508 837 544 894 Οὐ
561 839 644 914 μόνον
663 839 706 896 ότι
720 839 771 897 άπὸ
788 839 877 914 ζώσης
892 841 1053 923 προφέρεται
1069 846 1175 924 ψυχῆς,
1191 842 1256 902 ἀλλ’
1272 843 1313 902 ότι
1326 845 1404 909 αὐτὸς
1417 845 1478 903 καθ’
1492 843 1588 904 ἑαυτὸν

469 935 647 1010 αιἰτοκίναγτός
668 937 739 995 έστιν
754 940 768 995 6
784 938 876 1018 λόγος,
892 938 1040 1015 δυνάμενος
1058 943 1104 998 καὶ
1124 941 1186 1022 περὶ
1206 943 1253 1006 τὰς
1267 941 1400 1010 ἐνστάσεις
1416 944 1590 1002 ἀνθίστασθαι

468 1035 513 1092 καί
528 1043 617 1093 τεκεῖν
630 1036 756 1115 ἐκγόνους
767 1039 873 1110 ἑαυτοῦ,
885 1039 948 1102 ώςό
965 1040 1124 1118 Σωκράτους
1134 1040 1215 1118 λόγος
1231 1039 1319 1099 ἔτεκεν
1331 1041 1370 1105 εἷς
1383 1041 1429 1098 τὸν
1438 1043 1587 1116 Πλάτωνα,

421 1130 436 1179 5
468 1133 512 1190 καί
526 1135 540 1190 ό
555 1133 704 1220 Πλάτωνος
719 1133 808 1194 έτεκεν
825 1135 853 1194 έν
867 1142 906 1212 τῷ
921 1138 1095 1218 Ξενοκράτει,
1110 1173 1148 1184 -
1163 1140 1197 1196 T6
1218 1138 1247 1196 δέ
1268 1137 1421 1213 είδωλον,
1439 1142 1477 1206 ὡς
1493 1143 1540 1198 καί
1555 1143 1590 1200 τά

468 1233 617 1313 γράμματα
632 1231 749 1314 λέγομεν
763 1231 890 1311 σόμθολοι
903 1241 956 1292 τῶν
971 1236 998 1294 έν
1012 1241 1047 1314 τῇ
1063 1235 1179 1312 διανοίᾳ.

509 1396 565 1460 σοι’.
583 1399 775 1457 Παντάπασι
795 1400 852 1475 μὶν
871 1395 926 1457 οὖν
946 1400 1021 1458 τόδε
1041 1401 1078 1474 δὴ
1101 1401 1173 1484 μοι]
1194 1404 1253 1462 276
1268 1403 1305 1464 Β.

508 1537 563 1606 Τὴν
583 1533 674 1591 οὐσίαν
692 1535 819 1614 έκατάρου
837 1539 885 1592 τοῦ
905 1534 988 1613 λόγου
1007 1533 1154 1614 παραδοὺς,
1173 1535 1299 1614 βούλεται
1318 1537 1378 1618 περὶ
1394 1547 1446 1610 τῆς
1461 1541 1590 1620 χρὴσεως

469 1631 514 1688 καὶ
527 1631 665 1712 ἐνεργείας
678 1631 765 1689 αὐτῶν
779 1633 875 1706 εἰπεῖν,
892 1629 1077 1714 παραθάλλων
1096 1635 1141 1692 τὸν
1160 1633 1250 1707 ἀληθῆ
1272 1634 1354 1715 λόγον
1371 1637 1416 1694 καί
1429 1637 1475 1693 τὸν
1488 1636 1516 1694 έν
1532 1643 1592 1700 τοῖς

407 1734 438 1786 10
469 1729 612 1809 γράμμασι
626 1729 669 1787 διὰ
683 1730 903 1811 παραδείγματος
916 1738 965 1789 τοῦ
980 1731 1007 1792 έν
1022 1737 1056 1808 τῇ
1072 1733 1204 1813 γεωργίᾳ.
1225 1732 1300 1790 ’Ἐστι
1319 1733 1413 1803 τεαιδιίτΙ
1428 1734 1456 1792 έν
1468 1732 1592 1813 γεωργίᾳ

470 1827 553 1902 ῇκαὶ
574 1831 657 1903 ἡμεῖς
676 1825 768 1892 παῖδες
786 1827 861 1893 όντες
880 1829 1024 1910 χρώμεθα,
1046 1829 1109 1888 όταν
1129 1830 1157 1886 έν
1178 1830 1306 1911 γάστραις
1327 1839 1381 1909 γῆν
1404 1825 1592 1905 έμόάλλοντες

470 1925 643 2006 φυτεύσωμεν
657 1925 676 1998 ἡ
689 1933 764 1983 σῖτον
777 1927 795 1998 ἡ
812 1925 880 1984 ἄλλο
892 1949 917 1984 τι
929 1927 1125 2003 κηπεάσωμεν,
1142 1930 1172 1992 ’ὸς
1188 1928 1216 1985 ἐν
1228 1929 1344 2010 ἡμέραις
1361 1929 1432 1986 όκτὼ
1447 1925 1532 2010 φύσας
1547 1929 1594 1985 καὶ

470 2019 675 2096 όιναθλαστὴσας
697 2023 754 2100 μετ’
774 2024 872 2104 όλίγας
892 2026 996 2105 ἡμέρας
1017 2025 1209 2105 άπομαρανθῇ.
1230 2027 1369 2104 Ταθτητῇ
1388 2025 1482 2099 παιδιᾷ
1500 2049 1593 2106 παρα-

471 2115 566 2178 θάλλει
586 2120 649 2185 τοὺς
672 2123 858 2203 γραφομένους
881 2120 979 2200 λόγους
1003 2122 1063 2202 (οὓς
1087 2123 1132 2179 καὶ
1154 2121 1325 2188 Ἀδώνιδος
1350 2125 1477 2196 κὴπους
1499 2123 1591 2194 καλεῖ,

408 2220 438 2272 15
471 2214 561 2289 έπειδὴ
583 2223 638 2276 τῶν
660 2217 687 2276 έν
713 2223 750 2297 γῇ
773 2221 915 2300 φυομένων
940 2220 986 2276 καί
1008 2217 1257 2295 άποθιωσκομένων
1278 2224 1292 2278 6
1318 2220 1454 2295 δεσπότης
1477 2221 1592 2287 ’Άδωνις

471 2314 610 2396 ἐφέστηκε,
632 2323 705 2373 πᾶσα
726 2314 755 2373 δὶ
774 2321 792 2388 ἡ
807 2318 908 2396 γένεσις
924 2319 968 2375 καί
982 2319 1097 2398 φθοράὴ
1113 2321 1173 2398 περὶ
1191 2321 1266 2395 ἡμῖις
1285 2321 1383 2392 κὴποις
1399 2318 1494 2400 ἔοικε),
1512 2326 1547 2396 τῇ
1563 2319 1592 2378 δὲ

472 2412 572 2484 ἀληθεῖ
584 2413 752 2494 γεωργίφτῇ
769 2414 838 2489 μετὰ
855 2413 976 2487 σπουδῆς
994 2417 1038 2472 καί
1056 2414 1163 2473 πολλοῦ
1181 2418 1304 2492 καμάτου
1322 2418 1368 2474 τὸν
1386 2416 1477 2490 άληθῆ
1495 2418 1591 2497 λόγον.

472 2508 549 2590 Ὀρᾷς
565 2509 611 2567 οὖν
624 2511 665 2568 δτι
678 2534 713 2588 τη
725 2510 818 2586 παιδιᾷ
832 2515 882 2583 τὴν
895 2511 1014 2584 σπουδὴν
1024 2513 1185 2589 άντιτίθησι,
1199 2520 1238 2590 τῷ
1254 2514 1343 2572 ἀτελεῖ
1355 2516 1387 2572 τδ
1403 2516 1508 2574 τέλειον
1517 2516 1594 2592 (άτε-

473 2606 529 2672 λεῖς
543 2609 595 2689 γδιρ
609 2608 706 2667 ἐκεῖνοι
720 2611 747 2666 οί
760 2611 868 2690 καρποί,
890 2611 963 2667 οὗτοι
977 2609 1102 2690 τέλειοι),
1122 2617 1159 2691 τῷ
1172 2613 1266 2694 χρόνῳ
1280 2614 1327 2671 τὸν
1338 2614 1449 2694 χρόνον,
1471 2616 1486 2671 δ
1503 2614 1553 2689 μέν
1565 2613 1594 2670 ἐν
1674 2667 1678 2674 .

411 2709 443 2760 20
472 2707 586 2787 ἡμέραις
601 2707 684 2783 ὀκτὼ,
701 2709 716 2765 θ
732 2707 760 2764 δὲ
775 2707 802 2764 ἐν
813 2707 902 2792 μησίν
918 2708 1000 2768 ὀκτώ.

514 2863 588 2925 σπα’.
604 2871 710 2922 Ταῦτα
731 2866 789 2941 μέν
808 2863 845 2937 δὴ
867 2864 999 2928 παιδιᾶς
1020 2863 1067 2946 τε]
1087 2853 1145 2924 216
1159 2867 1194 2925 Β.

514 2989 599 3070 Ὅπερ
613 2990 655 3049 έπί
668 2997 719 3062 τῆς
735 2989 883 3069 έγκοσμίου
901 2989 1080 3069 δημιουργίας
1095 2997 1153 3056 τοῖς
1166 2994 1237 3056 θεοῖς
1250 2989 1310 3072 ἔχει
1321 2992 1352 3048 τὸ
1362 2991 1489 3070 παίγνιον
1505 2991 1594 3048 αὐτῶν

473 3091 543 3148 εἶναι
556 3089 602 3146 τὸν
614 3088 701 3146 πάντα
713 3089 829 3166 κόσμον,
846 3089 883 3153 ὡς
896 3089 941 3144 καὶ
955 3089 969 3144 ό
983 3091 1103 3160 ποιητὴς
1119 3111 1194 3170 φησι·

695 3222 821 3291 άσθεστος
837 3223 860 3283 δ’
876 3224 917 3306 ἄρ’
931 3226 1030 3304 ἐνῶρτο
1044 3225 1133 3305 γέλως
1148 3226 1296 3307 μακάρεσσι
1309 3233 1417 3284 θεοῖσιν

412 3334 444 3386 25
696 3327 734 3390 ὡς
751 3323 811 3383 ίδον
827 3321 986 3404 Ἥφαιστον·

476 3462 633 3542 (τουτέστιν,
654 3462 692 3524 ὡς
709 3458 769 3517 ίδον
783 3461 816 3517 τά
835 3458 1075 3539 δημιουργὴματα,
1090 3459 1281 3541 ηδφράνθησαν
1298 3461 1343 3517 καὶ
1363 3458 1515 3539 ἐγέλασαν),
1529 3460 1596 3540 ὅπερ

476 3559 523 3616 οὖν
541 3565 599 3622 τοῖς
615 3565 695 3623 Βεοῖς
715 3561 729 3616 ό
745 3559 861 3634 κόσμος,
878 3563 957 3616 τοῦτο
972 3559 1016 3615 καὶ
1031 3565 1070 3633 τῷ
1085 3557 1222 3633 σπουδαίῳ
1236 3561 1254 3630 ἡ
1268 3560 1329 3639 περὶ
1345 3557 1449 3626 τάξεως
1469 3557 1594 3639 ἐνέργεια·

475 3655 570 3730 παιδιᾷ
582 3657 633 3736 γάρ
645 3652 742 3727 ἔοικεν,
758 3661 776 3728 ἡ
793 3654 822 3712 δὲ
837 3654 864 3712 ἐν
879 3663 939 3720 ταῖς
957 3659 1061 3736 ψυχαῖς
1077 3655 1193 3732 σπουδῇ.

517 3818 592 3895 σπβ’.
608 3818 668 3875 Τὸν
688 3815 721 3873 δὲ
740 3815 876 3873 δικαίων
894 3817 945 3893 τε]
964 3819 1023 3876 276
1038 3816 1075 3882 C.

415 3966 446 4016 30
519 3953 564 4011 Ἐκ
577 3959 623 4011 τοῦ
636 3952 749 4024 ἥττονος
764 3956 782 4024 ἡ
798 3951 979 4035 ἐπιχείρησις·
998 3977 1013 4010 ιι
1030 3953 1080 4032 ἄρα
1101 3951 1147 4009 οὗν
1163 3950 1273 4010 δοκοῦσί
1288 3974 1330 4010 σοι
1344 3953 1460 4024 ἡττονος
1476 3952 1597 4025 σπουδῆς

478 4049 539 4120 άξια
553 4052 623 4110 εἶναι
637 4051 670 4109 τά
683 4050 754 4109 καλά
763 4053 809 4108 καί
822 4049 912 4109 δίκαια
924 4056 972 4108 τοῦ
987 4051 1059 4108 σίτου
1073 4051 1119 4107 καί
1134 4055 1188 4108 τῖον
1203 4049 1326 4126 όμοίων;
1341 4073 1356 4106 ιι

509 4241 539 4292 23
556 4258 616 4305 φησι
629 4241 652 4286 Α
667 4236 775 4288 999-609

510 4353 735 4408 ΝΟΙτδνῑιιίὶτ.
752 4354 777 4401 Α
839 4353 944 4421 θέντῷ
960 4351 1123 4404 ΠλάτωνιΜ
1186 4351 1372 4413 Παντάπασι,
1388 4351 1495 4403 πῐυθι.
1512 4354 1536 4402 Α

477 4429 584 4494 τόδε]
561 4447 590 4479 το
606 4425 633 4478 δέ
652 4426 679 4474 Μ
745 4423 776 4472 10
796 4423 884 4474 παιδια
903 4425 928 4474 ίν
948 4431 978 4498 τῇ
1000 4425 1110 4493 γεωργίᾳ
1129 4422 1159 4473 Μ
1223 4421 1253 4473 11
1276 4421 1436 4480 ῖκθάλλοντες
1458 4422 1513 4472 M:
1535 4423 1599 4472 fort.

478 4502 626 4567 ίμόαλόντες
689 4494 719 4544 12
741 4495 808 4544 σίτον
833 4494 889 4543 ΑΜ
956 4481 984 4544 16
1005 4478 1124 4558 ἐφίστησι
1140 4493 1167 4542 Μ
1234 4493 1344 4561 ἡφθορδ
1359 4494 1386 4542 Μ
1452 4491 1482 4542 17
1504 4493 1600 4556 ἀληθεῖ]

480 4575 528 4635 άλη
529 4569 621 4622 θείαΜ
688 4564 1016 4629 1919άτελεῖς]άτελ“εςΜ
1081 4563 1218 4615 2θδδε-
1188 4583 1294 4615 οκτω
1307 4578 1360 4614 om
1373 4563 1403 4614 Μ
1466 4564 1496 4614 21
1513 4567 1600 4623 ταῦτα,

480 4643 586 4695 τῐυθτ.
607 4644 632 4689 Α
695 4637 726 4685 23
742 4639 784 4686 καί
799 4649 853 4685 om
870 4638 898 4686 Μ
963 4637 1065 4687 24δ1
1049 4654 1080 4700 ap
1083 4635 1151 4684 '·M
1146 4635 1401 4699 ,ιίιΑροιῖυεγ’1
1393 4633 1539 4700 άρίεμειῖε

479 4716 509 4765 25
528 4717 580 4764 ἴδον
595 4725 629 4760 ex
645 4705 711 4759 είδον
725 4705 758 4754 Α1
822 4705 880 4756 261
870 4708 932 4771 ίδον]
951 4705 1018 4758 είδον
1042 4707 1070 4756 Μ
1136 4674 1203 4755 29
1183 4725 1233 4766 τ,ον
1252 4707 1353 4756 rrubr.
1374 4707 1398 4754 Α
1506 4729 1524 4735 ·-
