3600 5734
440 567 495 620 ΕΙΣ
516 568 577 618 ios
599 569 775 620 ΠΛΑΤΩΝΟΣ
796 569 939 620 ΦΑΙΔΡΟΝ
962 569 1084 620 ΣΧΟΛΙΑ
1280 579 1326 630 199

109 731 174 798 [170]
207 724 401 800 ἐπιθυμητικοῦ
420 724 467 788 τές
489 724 527 788 είς
541 727 617 798 ἡμᾶς
635 725 780 802 γινομένας
798 723 933 806 ἐμφαίνει,
950 725 1070 782 τουτέστι
1088 726 1134 792 τὰς
1149 727 1324 806 καταγωγυίις

205 822 343 898 δυνάμεις.

161 993 164 998 ·
247 973 299 1057 ιγ’.
323 977 351 1033 ὀ
373 975 406 1033 τε
427 975 572 1058 ηιιοχοςι
596 977 654 1035 254
678 976 715 1035 ι).

246 1115 327 1174 Οῦπω
347 1117 421 1194 λέγει
439 1121 499 1180 πῶς
517 1117 644 1196 κατήχθη
661 1117 769 1196 ἡψυχὴ
787 1115 831 1173 καί
848 1117 987 1196 ὑπηνέχθη
1005 1117 1042 1182 είς
1057 1119 1107 1188 τήν
1122 1117 1237 1195 γένεσιν,
1254 1117 1327 1176 ἀλλά

159 1217 173 1264 5
206 1217 254 1272 τόν
268 1214 465 1294 κατορθωτικὸν
480 1211 566 1290 ’έρωτα
580 1211 622 1270 διὰ
636 1213 744 1270 πάντων
759 1215 862 1270 τούτων
875 1211 1024 1293 ἐξηγεῖται.
1038 1249 1077 1260 -
1091 1216 1212 1272 Ταυτὸν
1227 1215 1327 1278 πάθος

206 1314 280 1393 λέγει
293 1314 324 1370 τὸ
338 1312 508 1372 ἀνθελκῦσαι.
527 1347 565 1356 -
581 1311 646 1368 Ἀπὸ
661 1310 828 1391 ὕσπληγγος·
845 1313 897 1371 ἀπὸ
914 1313 1027 1388 μύωπος
1042 1314 1192 1392 κρουσθείς·
1212 1315 1281 1377 τινές
1300 1311 1328 1370 όέ

207 1411 347 1491 ῦσπληγγα
370 1411 484 1490 μάστιγα
507 1407 631 1470 καλοῦσι.
654 1445 692 1458 -
714 1409 897 1468 Ἀναπεσὼν
921 1411 960 1480 δέ,
985 1413 1119 1470 τουτέστιν
1143 1412 1180 1475 τίς
1206 1411 1327 1469 τούπίσω

205 1510 296 1567 πεσών
314 1510 360 1566 καί
381 1508 509 1572 έλκόσοις.
527 1542 565 1552 -
584 1506 731 1572 Ὀθόναις
751 1504 865 1566 ἐθωκε·
886 1509 1021 1566 τουτέστιν
1036 1509 1085 1565 οῦκ
1105 1507 1177 1568 είοσε
1191 1504 1328 1590 προῦῆναι

207 1608 250 1664 ἐπί
268 1609 318 1678 τὴν
336 1605 438 1685 γένεσιν
456 1607 502 1663 καὶ
520 1607 550 1662 τὸ
570 1606 707 1678 αἰσθητόν.
723 1611 809 1664 Ταῦτα
828 1605 856 1664 θέ
874 1607 960 1664 πάντα
978 1612 1026 1664 τοῦ
1046 1607 1191 1687 ἐγκρατοῦς
1212 1605 1328 1663 ἐστικαὶ

144 1706 174 1756 10
207 1707 349 1789 ἐφιεμένου
369 1713 417 1762 τοῦ
439 1712 551 1779 νοητοῦ,
571 1706 602 1761 τὸ
621 1706 706 1770 πάσας
724 1705 770 1770 ’.ἐς
788 1704 914 1780 δυνάμεις
935 1707 1028 1763 ἐαυτοῦ
1049 1707 1086 1770 είς
1107 1707 1198 1763 ἐαυτὸν
1218 1703 1329 1764 έλκῦσαι

206 1807 253 1864 καὶ
269 1807 418 1877 ἀποστῆναι
431 1810 484 1862 τῶν
500 1805 644 1876 αἰσθητῶν.

250 1959 300 2030 ξδ’.
324 1960 418 2020 Ὅταν
440 1961 473 2018 θέ
493 1962 611 2019 ’.αὐτὸν
632 1959 813 2042 πολλάκις]
836 1943 894 2020 254
917 1962 953 2021 Ε.

249 2101 332 2160 Ὅταν
347 2103 394 2161 οῦν
408 2112 530 2162 τοιοῦτον
543 2106 627 2169 πόθος
639 2104 772 2172 πολλάκις
783 2107 857 2182 πάθη
872 2107 923 2162 καὶι
933 2109 1098 2182 ταπεινωθῇ,
1112 2103 1223 2162 ἐπεται
1237 2104 1331 2162 λοιπὸν

206 2203 253 2258 καί
268 2201 317 2258 οῦκ
330 2199 470 2259 ἀντιτείνει
484 2207 522 2280 τῷ
536 2201 644 2283 ἡνιόχῳ
659 2206 676 2273 ἡ
693 2201 794 2281 ἄλογος
809 2209 880 2259 πᾶσα
892 2205 960 2275 ζωὴ,
972 2204 1016 2260 καί
1031 2204 1102 2260 οῦτω
1116 2204 1219 2281 γίνεται
1234 2205 1251 2273 ἡ
1267 2201 1330 2258 ἀνα-

145 2303 175 2354 15
207 2301 297 2376 γωγη.
312 2299 399 2355 -Τὸ
414 2297 442 2356 δὲ
457 2294 547 2380 ρόθιμ
563 2297 753 2370 διόλλυται,
771 2301 785 2356 6
799 2300 899 2380 Ιχείρων
913 2306 968 2357 τῶν
982 2300 1084 2358 ίππων·
1106 2299 1163 2358 ἐπεὶ
1178 2301 1228 2379 γάρ
1247 2297 1330 2355 πολυ-

209 2396 329 2472 δῦναμός
349 2397 417 2454 ἐστιν
434 2401 453 2468 ἡ
473 2399 548 2478 ψυχή
563 2399 608 2454 καί
623 2397 792 2478 πολυμερὴς,
813 2397 940 2476 βούλεται
953 2399 998 2456 καὶ
1013 2400 1045 2455 τά
1059 2398 1133 2456 ἀλλα
1150 2399 1231 2478 μόρια
1246 2397 1329 2468 αὐτῆς

209 2495 334 2575 ἐνεργεῖν·
355 2493 475 2552 ἀνθέλκει
493 2494 540 2552 οῦν
559 2495 606 2558 τάς
625 2493 720 2559 κοίλας
740 2494 874 2574 ἐνεργείας
893 2497 937 2552 καί
958 2497 1068 2575 μετάγει
1083 2495 1127 2552 ἐπί
1142 2496 1188 2560 τάς
1203 2494 1330 2570 ἀμείνους

207 2595 252 2650 καί
267 2593 310 2649 ἐπί
324 2593 354 2648 τὸ
370 2589 437 2662 ἀ’νω,
450 2597 498 2649 τοῦ
513 2593 641 2674 χείρονος
654 2599 709 2648 τῶν
723 2595 814 2650 ἳππων
830 2594 874 2652 ἐπὶ
886 2596 939 2664 τὴν
954 2596 1053 2674 γένεσιν
1068 2595 1244 2673 τρεπομένου.

252 2747 299 2818 ἐτ’.
323 2750 392 2812 ”Ate
413 2751 469 2810 οῦν
490 2760 593 2810 πᾶσαν
615 2751 807 2834 Ξεραπείαν]
830 2755 887 2812 255
910 2753 947 2812 Α.

145 2911 176 2962 20
251 2899 392 2977 Πρόκειται
412 2900 461 2974 μέν
482 2899 553 2976 αὐτῷ
573 2899 657 2957 εἰπεῖν
676 2905 735 2964 πῶς
756 2899 853 2956 ἐκτῶν
869 2901 1003 2972 αἰσθητῶν
1019 2901 1064 2957 καί
1082 2908 1132 2972 τῆς
1149 2904 1333 2980 γενεαιουργοῦ

208 2998 316 3078 τρόπεως
336 2997 460 3075 ἀνάγεται
480 2999 494 3054 6
512 2998 679 3076 ἀναγόμενος
697 2999 742 3054 καί
760 2997 900 3078 ἀφίσταται
917 3007 967 3070 τῆς
982 2999 1114 3078 γενέσεως
1130 2999 1175 3055 καί
1190 3000 1290 3077 γίνεται
1305 2999 1332 3055 ἐν

209 3096 261 3166 Βία
281 3103 329 3152 τοῦ
349 3101 459 3168 νοητοῦ.
483 3097 570 3152 Είπών
593 3096 640 3154 οῦν
661 3097 690 3152 τὸ
711 3102 772 3161 πῶς
794 3095 970 3154 ἁλίσκεται
992 3099 1006 3153 6
1029 3097 1109 3176 ἐρῶν,
1136 3097 1273 3173 βούλεται
1286 3102 1332 3154 νῦν

209 3195 295 3252 εἰπεῖν
314 3193 358 3250 καί
374 3195 389 3250 6
406 3194 543 3273 ἐρώμενος
559 3200 619 3260 πῶς
639 3193 777 3252 ἁλίσκεται
791 3185 840 3252 Ικαί
858 3195 1005 3252 ἐντίκτεται
1020 3197 1034 3250 6
1050 3195 1176 3274 ἀντέρως.
1196 3193 1332 3252 Ἐντεῦθεν

209 3291 256 3348 οῦν
277 3293 338 3370 περί
360 3299 410 3349 τοῦ
430 3292 581 3370 άντέρωτος
603 3293 687 3371 λέγει.
707 3327 746 3336 -
763 3293 1052 3372 Θεραπευόμενος,
1073 3293 1209 3350 τουτέστιν
1229 3295 1243 3349 6
1264 3292 1331 3370 ἐρώ·

148 3401 177 3452 25
211 3413 300 3466 μενος.
324 3425 363 3437 -
386 3391 572 3468 Θεραπείαν
596 3389 623 3447 δέ
648 3390 723 3469 λέγει
747 3391 778 3447 οῦ
803 3391 902 3463 ταύτην
923 3393 974 3461 τὴν
992 3392 1177 3470 γενεσιουργὸν
1199 3388 1261 3447 οῦδὲ
1282 3391 1332 3460 τὴν

211 3490 368 3568 καταγωγὸν
393 3490 438 3544 καί
464 3491 631 3573 σωματικήν·
659 3488 731 3547 ἀλλὰ
758 3489 828 3547 οθτω
855 3490 1124 3568 θεραπευόμενος
1152 3490 1190 3552 ώς
1220 3487 1333 3566 ἄγαλμα

210 3593 294 3658 mv,
318 3589 364 3644 καί
387 3589 425 3651 ὡς
448 3590 462 3644 6
487 3582 657 3668 ’λλκιθιάόης
679 3589 750 3666 παρὰ
775 3588 945 3666 Σωκράτους,
971 3589 1042 3644 οῦτω
1064 3594 1131 3665 γοῦν
1155 3587 1332 3666 θεραπευό-

212 3709 310 3761 μενος
326 3687 377 3743 ὑπὸ
392 3691 440 3744 τοῦ
456 3685 567 3765 ἐραστοῦ
581 3687 594 3741 6
610 3685 747 3764 ἐρώμενος
763 3687 807 3742 καί
822 3691 916 3765 πεῖραν
932 3683 1057 3750 δεδωκώς
1071 3693 1119 3742 τοῦ
1136 3685 1257 3764 ἐραστοῦ,
1272 3685 1332 3742 τότε

210 3783 242 3855 δὴ
258 3785 328 3841 καὶὸ
344 3782 481 3862 ἐρώμενος
497 3783 535 3846 ὡς
549 3783 653 3861 γνησίῳ
668 3782 765 3863 ἐραστῇ
781 3783 874 3840 ἐαυτὸν
888 3781 1049 3841 ἐπιδίδωσιν.
1067 3818 1105 3826 -
1121 3782 1148 3836 '0
1164 3779 1191 3838 δέ
1205 3789 1258 3845 πᾶς
1273 3787 1333 3845 νοῦς

152 3893 180 3942 :³⁰
212 3888 267 3966 τών
284 3881 345 3954 ἑξῆς
361 3881 452 3962 ῥητῶν
471 3881 594 3945 τοιοῦτός
610 3879 689 3940 ἐστιν.
709 3878 816 3950 ἘπειδέΙ
834 3882 867 3936 τέ
883 3887 947 3938 Ξεῑα
967 3877 1126 3960 ῦπερθλῦζει
1145 3887 1203 3944 τοῖς
1221 3881 1332 3958 ἀγαθοῖς

211 3981 256 4037 καί
273 3979 400 4052 πληθῦει,
421 3980 523 4057 ἀνάγκη
538 3981 583 4036 καί
600 3981 646 4036 τὸν
663 3979 750 4058 ἔρωτα
768 3981 798 4036 όν
815 3981 841 4036 οί
860 3981 922 4036 3εοὶ
940 3979 1093 4057 ἐνέσπειραν
1109 3987 1168 4042 τοῖς
1184 3979 1334 4058 ἀνθρώποις

213 4075 388 4158 ῦπερθλῦζειν
411 4083 445 4154 τῇ
469 4078 624 4156 ἀγαθότητι.
650 4078 752 4135 Οὐκοῦν
775 4079 819 4134 καί
841 4080 855 4134 6
879 4079 1059 4158 κατεχόμενος
1081 4078 1169 4151 τούτῳ
1193 4083 1230 4154 τῷ
1255 4074 1333 4156 ἔρωτι
1386 4108 1388 4114 ·

215 4177 311 4251 μεστός
335 4175 390 4233 ἐστι
408 4180 463 4232 τών
483 4175 604 4254 ἀγαθῶν·
626 4175 666 4232 διό
686 4197 765 4255 φησιν
784 4175 825 4231 ότι
844 4177 858 4232 6
878 4175 1005 4254 ἐραστὴς,
1025 4175 1054 4231 ἐκ
1072 4181 1120 4232 τοῦ
1141 4173 1265 4264 ὄμματος
1286 4177 1333 4229 τοῦ

245 4441 291 4492 NC
308 4441 323 4490 ³
341 4443 355 4490 6
369 4433 443 4489 rubr.
457 4443 479 4487 A
544 4437 559 4486 θ
575 4441 640 4503 λέγει
653 4437 765 4502 scripsi:
781 4439 860 4503 λέγων
872 4436 932 4486 libri
997 4437 1124 4500 ῦσπλῆγος
1134 4441 1162 4485 et
1174 4437 1291 4500 ῦσπλῆγα
1301 4435 1333 4496 (7)

214 4515 245 4563 Α1
265 4511 421 4575 θῦσπληγος
439 4516 466 4560 et
484 4508 601 4573 ῦσπληγα
621 4509 650 4558 Μ
671 4509 738 4559 plat.
757 4525 762 4558 :
781 4510 909 4573 ῦσπλῆγος
928 4514 955 4559 et
973 4507 1107 4574 ῦσπληγγα
1126 4506 1148 4556 Ε
1210 4507 1334 4557 θίδωκεν

216 4585 283 4634 piat.
348 4580 609 4633 θπάντακαίτοῦλθ
676 4581 706 4632 10
720 4580 757 4646 τὸ]
768 4583 810 4630 καί
824 4585 860 4628 A·
922 4579 1182 4632 12όταν.ὃιιιθτ.Α
1247 4578 1275 4628 13
1290 4578 1335 4629 πά-

213 4658 250 4704 ιον
270 4657 306 4703 Α·
369 4651 399 4701 19
416 4650 468 4710 οἵτε,
489 4649 505 4701 οἵ
524 4650 597 4700 rubr.
618 4655 642 4700 Α
704 4651 734 4700 27
752 4655 765 4702 ι
780 4663 834 4701 om.
851 4651 878 4700 M
947 4651 1015 4717 παρὰ
1030 4663 1064 4700 ex
1077 4656 1189 4700 correct.
1206 4651 1238 4699 A¹
1255 4661 1262 4699 τ
1278 4651 1334 4716 περι

216 4726 242 4774 Μ
307 4721 379 4790 γοῦν]
393 4720 458 4772 οὖν’.)
523 4721 552 4772 32
570 4723 662 4773 οῦκουν
678 4723 705 4772 Μ
