<?xml version="1.0" encoding="UTF-8"?>
<!DOCTYPE html PUBLIC "-//W3C//DTD XHTML 1.0 Transitional//EN"
    "http://www.w3.org/TR/xhtml1/DTD/xhtml1-transitional.dtd">
<html xmlns="http://www.w3.org/1999/xhtml" xml:lang="en" lang="en">
 <head>
  <title>
</title>
<meta http-equiv="Content-Type" content="text/html;charset=utf-8" />
  <meta name='ocr-system' content='tesseract 3.04.00' />
  <meta name='ocr-capabilities' content='ocr_page ocr_carea ocr_par ocr_line ocrx_word'/>
</head>
<body>
  <div class='ocr_page' id='page_1' title='image "./hermiaealexandr00couvgoog_0052.png"; bbox 0 0 3538 5686; ppageno 0'>
   <div class='ocr_carea' id='block_1_1' title="bbox 434 633 1314 704">
    <p class='ocr_par' dir='ltr' id='par_1_1' title="bbox 434 633 1314 704">
     <span class='ocr_line' id='line_1_1' title="bbox 434 633 1314 704; baseline 0.01 -21"><span class='ocrx_word' id='word_1_1' title='bbox 434 633 489 684; x_wconf 81' lang='grc' dir='ltr'>ΕΙΣ</span> <span class='ocrx_word' id='word_1_2' title='bbox 511 633 573 684; x_wconf 86' lang='lat' dir='ltr'>TON</span> <span class='ocrx_word' id='word_1_3' title='bbox 593 633 770 687; x_wconf 82' lang='grc' dir='ltr'>ΠΛΔΤΩΝΟΣ</span> <span class='ocrx_word' id='word_1_4' title='bbox 791 634 934 689; x_wconf 81' lang='grc' dir='ltr'>ΦΛΙΛΡΟΝ</span> <span class='ocrx_word' id='word_1_5' title='bbox 957 637 1077 690; x_wconf 81' lang='grc' dir='ltr'>ΣΧΟΛίΛ</span> <span class='ocrx_word' id='word_1_6' title='bbox 1284 651 1314 704; x_wconf 87' lang='lat'>11</span> 
     </span>
    </p>
   </div>
   <div class='ocr_carea' id='block_1_2' title="bbox 105 791 1324 3929">
    <p class='ocr_par' dir='ltr' id='par_1_2' title="bbox 135 791 1318 1175">
     <span class='ocr_line' id='line_1_2' title="bbox 135 791 1316 877; baseline 0.009 -31"><span class='ocrx_word' id='word_1_7' title='bbox 135 799 179 866; x_wconf 78' lang='grc'><strong>[64]</strong></span> <span class='ocrx_word' id='word_1_8' title='bbox 202 793 297 855; x_wconf 87' lang='grc' dir='ltr'>Λυσίας</span> <span class='ocrx_word' id='word_1_9' title='bbox 313 791 398 872; x_wconf 90' lang='grc' dir='ltr'>λόγον</span> <span class='ocrx_word' id='word_1_10' title='bbox 411 794 535 873; x_wconf 80' lang='grc' dir='ltr'>περὶτοῦ</span> <span class='ocrx_word' id='word_1_11' title='bbox 551 796 590 871; x_wconf 77' lang='grc' dir='ltr'>μὴ</span> <span class='ocrx_word' id='word_1_12' title='bbox 604 793 659 853; x_wconf 85' lang='grc' dir='ltr'>δεῖν</span> <span class='ocrx_word' id='word_1_13' title='bbox 673 795 832 876; x_wconf 85' lang='grc' dir='ltr'>χαρίζεσθαι</span> <span class='ocrx_word' id='word_1_14' title='bbox 843 801 883 871; x_wconf 81' lang='grc' dir='ltr'>τῷ</span> <span class='ocrx_word' id='word_1_15' title='bbox 896 795 995 875; x_wconf 79' lang='grc' dir='ltr'>ἐραστῇ</span> <span class='ocrx_word' id='word_1_16' title='bbox 1009 794 1082 854; x_wconf 73' lang='lat' dir='ltr'><strong>llil</strong></span> <span class='ocrx_word' id='word_1_17' title='bbox 1094 803 1133 872; x_wconf 80' lang='grc' dir='ltr'>τῷ</span> <span class='ocrx_word' id='word_1_18' title='bbox 1150 799 1188 873; x_wconf 79' lang='grc' dir='ltr'><strong>μή</strong></span> <span class='ocrx_word' id='word_1_19' title='bbox 1205 797 1316 877; x_wconf 80' lang='grc' dir='ltr'>ἐραστῇ,</span> 
     </span>
     <span class='ocr_line' id='line_1_3' title="bbox 201 889 1316 976; baseline 0.009 -31"><span class='ocrx_word' id='word_1_20' title='bbox 201 889 281 956; x_wconf 80' lang='grc' dir='ltr'>αὐτὸς</span> <span class='ocrx_word' id='word_1_21' title='bbox 304 893 353 967; x_wconf 79' lang='grc' dir='ltr'>μέν</span> <span class='ocrx_word' id='word_1_22' title='bbox 374 891 476 975; x_wconf 70' lang='grc' dir='ltr'>σφόδρα</span> <span class='ocrx_word' id='word_1_23' title='bbox 498 892 526 976; x_wconf 91' lang='lat'>[6</span> <span class='ocrx_word' id='word_1_24' title='bbox 547 892 661 976; x_wconf 88' lang='grc' dir='ltr'>Λυσίας]</span> <span class='ocrx_word' id='word_1_25' title='bbox 683 893 750 973; x_wconf 83' lang='grc' dir='ltr'>έρῖυν</span> <span class='ocrx_word' id='word_1_26' title='bbox 765 899 813 952; x_wconf 87' lang='grc' dir='ltr'>τοῦ</span> <span class='ocrx_word' id='word_1_27' title='bbox 834 893 965 974; x_wconf 88' lang='grc' dir='ltr'>Φαίδρου,</span> <span class='ocrx_word' id='word_1_28' title='bbox 980 896 1213 976; x_wconf 82' lang='grc' dir='ltr'>προσποιούμενος</span> <span class='ocrx_word' id='word_1_29' title='bbox 1234 895 1262 954; x_wconf 78' lang='grc' dir='ltr'>δὲ</span> <span class='ocrx_word' id='word_1_30' title='bbox 1278 899 1316 973; x_wconf 79' lang='grc' dir='ltr'>μὴ</span> 
     </span>
     <span class='ocr_line' id='line_1_4' title="bbox 200 989 1318 1076; baseline 0.007 -32"><span class='ocrx_word' id='word_1_31' title='bbox 200 989 271 1068; x_wconf 80' lang='grc' dir='ltr'>ἐρᾶν·</span> <span class='ocrx_word' id='word_1_32' title='bbox 290 991 460 1068; x_wconf 85' lang='grc' dir='ltr'>βουλόμενος</span> <span class='ocrx_word' id='word_1_33' title='bbox 479 991 525 1050; x_wconf 80' lang='grc' dir='ltr'>οὖν</span> <span class='ocrx_word' id='word_1_34' title='bbox 545 993 696 1066; x_wconf 71' lang='grc' dir='ltr'>ἀποστῆσαι</span> <span class='ocrx_word' id='word_1_35' title='bbox 717 993 797 1050; x_wconf 81' lang='grc' dir='ltr'>αὐτόν</span> <span class='ocrx_word' id='word_1_36' title='bbox 816 999 872 1052; x_wconf 80' lang='grc' dir='ltr'>τῶν</span> <span class='ocrx_word' id='word_1_37' title='bbox 893 992 988 1052; x_wconf 85' lang='grc' dir='ltr'>άλλων</span> <span class='ocrx_word' id='word_1_38' title='bbox 1010 995 1140 1074; x_wconf 78' lang='grc' dir='ltr'>ἐραστῶν,</span> <span class='ocrx_word' id='word_1_39' title='bbox 1160 996 1318 1076; x_wconf 72' lang='grc' dir='ltr'>κακούργως</span> 
     </span>
     <span class='ocr_line' id='line_1_5' title="bbox 199 1090 1318 1175; baseline 0.004 -30"><span class='ocrx_word' id='word_1_40' title='bbox 199 1090 297 1169; x_wconf 76' lang='grc' dir='ltr'>γράρει</span> <span class='ocrx_word' id='word_1_41' title='bbox 316 1091 400 1170; x_wconf 87' lang='grc' dir='ltr'>λόγον</span> <span class='ocrx_word' id='word_1_42' title='bbox 416 1092 458 1149; x_wconf 85' lang='grc' dir='ltr'>ότι</span> <span class='ocrx_word' id='word_1_43' title='bbox 472 1091 514 1150; x_wconf 95' lang='grc' dir='ltr'>δεῖ</span> <span class='ocrx_word' id='word_1_44' title='bbox 529 1093 567 1170; x_wconf 79' lang='grc' dir='ltr'>μη</span> <span class='ocrx_word' id='word_1_45' title='bbox 584 1092 678 1172; x_wconf 79' lang='grc' dir='ltr'>ἐρῶντι</span> <span class='ocrx_word' id='word_1_46' title='bbox 695 1092 803 1168; x_wconf 79' lang='grc' dir='ltr'>μᾶλλον</span> <span class='ocrx_word' id='word_1_47' title='bbox 823 1095 981 1175; x_wconf 79' lang='grc' dir='ltr'>χαρίζεσθαι</span> <span class='ocrx_word' id='word_1_48' title='bbox 1002 1095 1020 1166; x_wconf 67' lang='grc' dir='ltr'>ἢ</span> <span class='ocrx_word' id='word_1_49' title='bbox 1043 1093 1176 1174; x_wconf 80' lang='grc' dir='ltr'>έρῖυντι...</span> <span class='ocrx_word' id='word_1_50' title='bbox 1199 1096 1263 1174; x_wconf 81' lang='grc' dir='ltr'>περί</span> <span class='ocrx_word' id='word_1_51' title='bbox 1286 1097 1318 1152; x_wconf 83' lang='grc' dir='ltr'>οῦ</span> 
     </span>
    </p>

    <p class='ocr_par' dir='ltr' id='par_1_3' title="bbox 156 1188 1319 1569">
     <span class='ocr_line' id='line_1_6' title="bbox 156 1188 1317 1272; baseline 0.008 -31"><span class='ocrx_word' id='word_1_52' title='bbox 156 1193 169 1241; x_wconf 89' lang='grc'>5</span> <span class='ocrx_word' id='word_1_53' title='bbox 199 1188 243 1244; x_wconf 85' lang='grc' dir='ltr'>καί</span> <span class='ocrx_word' id='word_1_54' title='bbox 266 1190 280 1244; x_wconf 99' lang='lat'>6</span> <span class='ocrx_word' id='word_1_55' title='bbox 303 1191 450 1270; x_wconf 85' lang='grc' dir='ltr'>Σωκράτης</span> <span class='ocrx_word' id='word_1_56' title='bbox 471 1190 628 1269; x_wconf 80' lang='grc' dir='ltr'>διαλέγεται</span> <span class='ocrx_word' id='word_1_57' title='bbox 651 1192 748 1250; x_wconf 80' lang='grc' dir='ltr'>τούτου</span> <span class='ocrx_word' id='word_1_58' title='bbox 771 1213 801 1250; x_wconf 93' lang='grc' dir='ltr'>τε</span> <span class='ocrx_word' id='word_1_59' title='bbox 825 1197 873 1250; x_wconf 89' lang='grc' dir='ltr'>τοῦ</span> <span class='ocrx_word' id='word_1_60' title='bbox 900 1193 1053 1252; x_wconf 76' lang='grc' dir='ltr'>ἀκολάστου</span> <span class='ocrx_word' id='word_1_61' title='bbox 1077 1193 1177 1272; x_wconf 83' lang='grc' dir='ltr'>ἔρωτος</span> <span class='ocrx_word' id='word_1_62' title='bbox 1198 1194 1245 1250; x_wconf 87' lang='grc' dir='ltr'>καί</span> <span class='ocrx_word' id='word_1_63' title='bbox 1269 1199 1317 1250; x_wconf 90' lang='grc' dir='ltr'>τοῦ</span> 
     </span>
     <span class='ocr_line' id='line_1_7' title="bbox 199 1284 1318 1371; baseline 0.007 -31"><span class='ocrx_word' id='word_1_64' title='bbox 199 1284 338 1364; x_wconf 82' lang='grc' dir='ltr'>σώρρονος</span> <span class='ocrx_word' id='word_1_65' title='bbox 349 1289 396 1345; x_wconf 87' lang='grc' dir='ltr'>καί</span> <span class='ocrx_word' id='word_1_66' title='bbox 419 1289 490 1370; x_wconf 85' lang='grc' dir='ltr'>[τοῦ]</span> <span class='ocrx_word' id='word_1_67' title='bbox 512 1287 594 1348; x_wconf 61' lang='grc' dir='ltr'>θείου</span> <span class='ocrx_word' id='word_1_68' title='bbox 616 1291 661 1347; x_wconf 84' lang='grc' dir='ltr'>καὶ</span> <span class='ocrx_word' id='word_1_69' title='bbox 684 1290 910 1369; x_wconf 81' lang='grc' dir='ltr'>ένθουσιαστικοῦ,</span> <span class='ocrx_word' id='word_1_70' title='bbox 932 1291 974 1348; x_wconf 89' lang='grc' dir='ltr'>ότι</span> <span class='ocrx_word' id='word_1_71' title='bbox 994 1298 1034 1366; x_wconf 77' lang='grc' dir='ltr'>τῷ</span> <span class='ocrx_word' id='word_1_72' title='bbox 1054 1289 1153 1366; x_wconf 78' lang='grc' dir='ltr'>τοιῷδε</span> <span class='ocrx_word' id='word_1_73' title='bbox 1174 1289 1254 1371; x_wconf 80' lang='grc' dir='ltr'>ἔρωτι</span> <span class='ocrx_word' id='word_1_74' title='bbox 1278 1297 1318 1365; x_wconf 81' lang='grc' dir='ltr'>τΐρ</span> 
     </span>
     <span class='ocr_line' id='line_1_8' title="bbox 200 1384 1318 1469; baseline 0.006 -28"><span class='ocrx_word' id='word_1_75' title='bbox 200 1384 318 1464; x_wconf 81' lang='grc' dir='ltr'>σώρρονι</span> <span class='ocrx_word' id='word_1_76' title='bbox 332 1389 377 1443; x_wconf 83' lang='grc' dir='ltr'>καί</span> <span class='ocrx_word' id='word_1_77' title='bbox 391 1384 464 1464; x_wconf 66' lang='grc' dir='ltr'>θείῳ</span> <span class='ocrx_word' id='word_1_78' title='bbox 477 1389 620 1469; x_wconf 81' lang='grc' dir='ltr'>χαριστέον</span> <span class='ocrx_word' id='word_1_79' title='bbox 637 1390 683 1446; x_wconf 90' lang='grc' dir='ltr'>καί</span> <span class='ocrx_word' id='word_1_80' title='bbox 706 1388 916 1462; x_wconf 79' lang='grc' dir='ltr'>ἀκολουθητέον.</span> <span class='ocrx_word' id='word_1_81' title='bbox 932 1423 972 1437; x_wconf 94' lang='grc'>-</span> <span class='ocrx_word' id='word_1_82' title='bbox 986 1392 1018 1448; x_wconf 83' lang='grc' dir='ltr'>Οἳ</span> <span class='ocrx_word' id='word_1_83' title='bbox 1039 1388 1068 1447; x_wconf 77' lang='grc' dir='ltr'>δέ</span> <span class='ocrx_word' id='word_1_84' title='bbox 1087 1390 1133 1448; x_wconf 88' lang='grc' dir='ltr'>καί</span> <span class='ocrx_word' id='word_1_85' title='bbox 1151 1387 1318 1468; x_wconf 64' lang='grc' dir='ltr'>θεολογικόν</span> 
     </span>
     <span class='ocr_line' id='line_1_9' title="bbox 200 1484 1319 1569; baseline 0.003 -29"><span class='ocrx_word' id='word_1_86' title='bbox 200 1484 283 1542; x_wconf 67' lang='grc' dir='ltr'>αὐτόν</span> <span class='ocrx_word' id='word_1_87' title='bbox 298 1486 422 1566; x_wconf 75' lang='grc' dir='ltr'>εἰρήκασι</span> <span class='ocrx_word' id='word_1_88' title='bbox 442 1485 485 1546; x_wconf 79' lang='grc' dir='ltr'>διὰ</span> <span class='ocrx_word' id='word_1_89' title='bbox 504 1489 537 1546; x_wconf 84' lang='grc' dir='ltr'>τά</span> <span class='ocrx_word' id='word_1_90' title='bbox 559 1488 586 1546; x_wconf 92' lang='grc' dir='ltr'>έν</span> <span class='ocrx_word' id='word_1_91' title='bbox 609 1488 701 1564; x_wconf 85' lang='grc' dir='ltr'>μέσοις</span> <span class='ocrx_word' id='word_1_92' title='bbox 721 1495 769 1546; x_wconf 87' lang='grc' dir='ltr'>τοῦ</span> <span class='ocrx_word' id='word_1_93' title='bbox 789 1487 919 1568; x_wconf 78' lang='grc' dir='ltr'>διαλόγου</span> <span class='ocrx_word' id='word_1_94' title='bbox 942 1488 1091 1569; x_wconf 86' lang='grc' dir='ltr'>λεγόμενα·</span> <span class='ocrx_word' id='word_1_95' title='bbox 1111 1490 1137 1546; x_wconf 82' lang='grc' dir='ltr'>οἳ</span> <span class='ocrx_word' id='word_1_96' title='bbox 1161 1487 1190 1546; x_wconf 79' lang='grc' dir='ltr'>δὶ</span> <span class='ocrx_word' id='word_1_97' title='bbox 1211 1487 1253 1546; x_wconf 87' lang='grc' dir='ltr'>ότι</span> <span class='ocrx_word' id='word_1_98' title='bbox 1273 1488 1319 1545; x_wconf 87' lang='grc' dir='ltr'>καί</span> 
     </span>
    </p>

    <p class='ocr_par' dir='ltr' id='par_1_4' title="bbox 105 1584 1320 1864">
     <span class='ocr_line' id='line_1_10' title="bbox 105 1584 1318 1669; baseline -0.002 -25"><span class='ocrx_word' id='word_1_99' title='bbox 105 1593 185 1644; x_wconf 67' lang='lat' dir='ltr'><strong>cliv·</strong></span> <span class='ocrx_word' id='word_1_100' title='bbox 200 1584 263 1662; x_wconf 85' lang='grc' dir='ltr'>περί</span> <span class='ocrx_word' id='word_1_101' title='bbox 285 1585 416 1663; x_wconf 78' lang='grc' dir='ltr'>τάγαθοῦ,</span> <span class='ocrx_word' id='word_1_102' title='bbox 436 1584 530 1660; x_wconf 73' lang='grc' dir='ltr'>έπειδή</span> <span class='ocrx_word' id='word_1_103' title='bbox 554 1610 630 1667; x_wconf 77' lang='grc' dir='ltr'>φησι·</span> <span class='ocrx_word' id='word_1_104' title='bbox 658 1611 673 1644; x_wconf 85' lang='lat' dir='ltr'><strong>u</strong></span> <span class='ocrx_word' id='word_1_105' title='bbox 695 1589 752 1645; x_wconf 86' lang='grc' dir='ltr'>τὸν</span> <span class='ocrx_word' id='word_1_106' title='bbox 768 1586 801 1645; x_wconf 75' lang='grc' dir='ltr'>δὲ</span> <span class='ocrx_word' id='word_1_107' title='bbox 825 1589 1065 1669; x_wconf 86' lang='grc' dir='ltr'>ὑπερουράνιον</span> <span class='ocrx_word' id='word_1_108' title='bbox 1087 1589 1188 1645; x_wconf 82' lang='grc' dir='ltr'>τόπον</span> <span class='ocrx_word' id='word_1_109' title='bbox 1213 1587 1218 1666; x_wconf 81' lang='grc' dir='ltr'>Ι</span> <span class='ocrx_word' id='word_1_110' title='bbox 1242 1585 1318 1643; x_wconf 82' lang='grc' dir='ltr'>οὔτε</span> 
     </span>
     <span class='ocr_line' id='line_1_11' title="bbox 144 1683 1319 1768; baseline -0.003 -24"><span class='ocrx_word' id='word_1_111' title='bbox 144 1694 171 1744; x_wconf 86' lang='lat' dir='ltr'>lu</span> <span class='ocrx_word' id='word_1_112' title='bbox 201 1703 251 1745; x_wconf 72' lang='lat' dir='ltr'>tls</span> <span class='ocrx_word' id='word_1_113' title='bbox 275 1683 401 1758; x_wconf 76' lang='grc' dir='ltr'>ὕμνησε</span> <span class='ocrx_word' id='word_1_114' title='bbox 419 1687 561 1757; x_wconf 75' lang='grc' dir='ltr'>ποιητὴς</span> <span class='ocrx_word' id='word_1_115' title='bbox 580 1684 689 1760; x_wconf 81' lang='grc' dir='ltr'>ἀξίως,</span> <span class='ocrx_word' id='word_1_116' title='bbox 703 1711 718 1742; x_wconf 80' lang='grc' dir='ltr'>ο</span> <span class='ocrx_word' id='word_1_117' title='bbox 734 1687 779 1743; x_wconf 84' lang='grc' dir='ltr'>καί</span> <span class='ocrx_word' id='word_1_118' title='bbox 794 1685 844 1743; x_wconf 82' lang='grc' dir='ltr'>ἔτι·</span> <span class='ocrx_word' id='word_1_119' title='bbox 864 1691 907 1760; x_wconf 78' lang='grc' dir='ltr'>«ἡ</span> <span class='ocrx_word' id='word_1_120' title='bbox 924 1687 1122 1768; x_wconf 84' lang='grc' dir='ltr'>άχρώματος</span> <span class='ocrx_word' id='word_1_121' title='bbox 1139 1687 1194 1742; x_wconf 84' lang='grc' dir='ltr'>καί</span> <span class='ocrx_word' id='word_1_122' title='bbox 1215 1685 1319 1764; x_wconf 87' lang='grc' dir='ltr'>άσχη-</span> 
     </span>
     <span class='ocr_line' id='line_1_12' title="bbox 202 1780 1320 1864; baseline 0.002 -28"><span class='ocrx_word' id='word_1_123' title='bbox 202 1780 363 1854; x_wconf 86' lang='grc' dir='ltr'>μάτιστος</span> <span class='ocrx_word' id='word_1_124' title='bbox 386 1782 484 1840; x_wconf 86' lang='grc' dir='ltr'>οθσία</span> <span class='ocrx_word' id='word_1_125' title='bbox 504 1805 532 1839; x_wconf 83' lang='grc' dir='ltr'>υ·</span> <span class='ocrx_word' id='word_1_126' title='bbox 554 1786 580 1841; x_wconf 83' lang='grc' dir='ltr'>οἳ</span> <span class='ocrx_word' id='word_1_127' title='bbox 606 1781 634 1840; x_wconf 81' lang='grc' dir='ltr'>δέ</span> <span class='ocrx_word' id='word_1_128' title='bbox 658 1785 719 1864; x_wconf 86' lang='grc' dir='ltr'>περί</span> <span class='ocrx_word' id='word_1_129' title='bbox 743 1790 791 1841; x_wconf 92' lang='grc' dir='ltr'>τοῦ</span> <span class='ocrx_word' id='word_1_130' title='bbox 811 1787 920 1864; x_wconf 82' lang='grc' dir='ltr'>πρώτου</span> <span class='ocrx_word' id='word_1_131' title='bbox 941 1785 1039 1843; x_wconf 90' lang='grc' dir='ltr'>καλοῦ.</span> <span class='ocrx_word' id='word_1_132' title='bbox 1062 1783 1162 1848; x_wconf 84' lang='grc' dir='ltr'>Πάντες</span> <span class='ocrx_word' id='word_1_133' title='bbox 1183 1781 1229 1840; x_wconf 87' lang='grc' dir='ltr'>οῦν</span> <span class='ocrx_word' id='word_1_134' title='bbox 1244 1783 1320 1838; x_wconf 82' lang='grc' dir='ltr'>οὗτοι</span> 
     </span>
    </p>

    <p class='ocr_par' dir='ltr' id='par_1_5' title="bbox 200 1878 1317 1963">
     <span class='ocr_line' id='line_1_13' title="bbox 200 1878 1317 1963; baseline 0.005 -29"><span class='ocrx_word' id='word_1_135' title='bbox 200 1878 254 1934; x_wconf 84' lang='grc' dir='ltr'>άπό</span> <span class='ocrx_word' id='word_1_136' title='bbox 278 1900 350 1944; x_wconf 93' lang='grc' dir='ltr'>τινος</span> <span class='ocrx_word' id='word_1_137' title='bbox 375 1882 472 1960; x_wconf 83' lang='grc' dir='ltr'>μέρους</span> <span class='ocrx_word' id='word_1_138' title='bbox 498 1887 547 1939; x_wconf 89' lang='grc' dir='ltr'>τοῦ</span> <span class='ocrx_word' id='word_1_139' title='bbox 573 1880 703 1961; x_wconf 86' lang='grc' dir='ltr'>διαλόγου</span> <span class='ocrx_word' id='word_1_140' title='bbox 727 1884 790 1962; x_wconf 83' lang='grc' dir='ltr'>περὶ</span> <span class='ocrx_word' id='word_1_141' title='bbox 813 1887 861 1940; x_wconf 87' lang='grc' dir='ltr'>τοῦ</span> <span class='ocrx_word' id='word_1_142' title='bbox 886 1883 986 1948; x_wconf 83' lang='grc' dir='ltr'>παντὸς</span> <span class='ocrx_word' id='word_1_143' title='bbox 1010 1883 1182 1963; x_wconf 71' lang='grc' dir='ltr'>ἀπεφήναντο</span> <span class='ocrx_word' id='word_1_144' title='bbox 1206 1885 1317 1940; x_wconf 90' lang='grc' dir='ltr'>σκοποῦ.</span> 
     </span>
    </p>

    <p class='ocr_par' dir='ltr' id='par_1_6' title="bbox 200 1976 1319 2061">
     <span class='ocr_line' id='line_1_14' title="bbox 200 1976 1319 2061; baseline 0.001 -27"><span class='ocrx_word' id='word_1_145' title='bbox 200 1977 250 2034; x_wconf 79' lang='grc' dir='ltr'>Καί</span> <span class='ocrx_word' id='word_1_146' title='bbox 266 1979 319 2058; x_wconf 77' lang='grc' dir='ltr'>γάρ</span> <span class='ocrx_word' id='word_1_147' title='bbox 340 1980 388 2036; x_wconf 87' lang='grc' dir='ltr'>τόν</span> <span class='ocrx_word' id='word_1_148' title='bbox 408 1981 470 2059; x_wconf 88' lang='grc' dir='ltr'>περί</span> <span class='ocrx_word' id='word_1_149' title='bbox 490 1984 582 2061; x_wconf 80' lang='grc' dir='ltr'>ψυχῆς</span> <span class='ocrx_word' id='word_1_150' title='bbox 604 1981 689 2060; x_wconf 91' lang='grc' dir='ltr'>λόγον</span> <span class='ocrx_word' id='word_1_151' title='bbox 711 1979 796 2052; x_wconf 84' lang='grc' dir='ltr'>δῆλός</span> <span class='ocrx_word' id='word_1_152' title='bbox 819 1979 890 2038; x_wconf 85' lang='grc' dir='ltr'>ἐστιν</span> <span class='ocrx_word' id='word_1_153' title='bbox 912 1979 1000 2040; x_wconf 87' lang='grc' dir='ltr'>άλλου</span> <span class='ocrx_word' id='word_1_154' title='bbox 1017 1981 1098 2061; x_wconf 83' lang='grc' dir='ltr'>χάριν</span> <span class='ocrx_word' id='word_1_155' title='bbox 1120 1976 1319 2058; x_wconf 79' lang='grc' dir='ltr'>παρεμῦαλών,</span> 
     </span>
    </p>

    <p class='ocr_par' dir='ltr' id='par_1_7' title="bbox 199 2077 1320 2158">
     <span class='ocr_line' id='line_1_15' title="bbox 199 2077 1320 2158; baseline 0.002 -26"><span class='ocrx_word' id='word_1_156' title='bbox 199 2078 245 2133; x_wconf 84' lang='grc' dir='ltr'>καὶ</span> <span class='ocrx_word' id='word_1_157' title='bbox 268 2077 329 2143; x_wconf 75' lang='grc' dir='ltr'>τοῦς</span> <span class='ocrx_word' id='word_1_158' title='bbox 345 2078 471 2158; x_wconf 86' lang='grc' dir='ltr'>περὶτοῦ</span> <span class='ocrx_word' id='word_1_159' title='bbox 491 2079 601 2158; x_wconf 79' lang='grc' dir='ltr'>πρώτου</span> <span class='ocrx_word' id='word_1_160' title='bbox 621 2079 718 2137; x_wconf 86' lang='grc' dir='ltr'>καλοῦ·</span> <span class='ocrx_word' id='word_1_161' title='bbox 733 2080 786 2136; x_wconf 83' lang='grc' dir='ltr'>άπὸ</span> <span class='ocrx_word' id='word_1_162' title='bbox 801 2081 853 2158; x_wconf 82' lang='grc' dir='ltr'>γάρ</span> <span class='ocrx_word' id='word_1_163' title='bbox 874 2086 929 2136; x_wconf 83' lang='grc' dir='ltr'>τῶν</span> <span class='ocrx_word' id='word_1_164' title='bbox 944 2078 1039 2140; x_wconf 77' lang='grc' dir='ltr'>ἄλλων</span> <span class='ocrx_word' id='word_1_165' title='bbox 1054 2079 1148 2137; x_wconf 82' lang='grc' dir='ltr'>καλῶν</span> <span class='ocrx_word' id='word_1_166' title='bbox 1170 2077 1212 2136; x_wconf 80' lang='grc' dir='ltr'>ἐπ’</span> <span class='ocrx_word' id='word_1_167' title='bbox 1233 2077 1320 2135; x_wconf 85' lang='grc' dir='ltr'>ἐκεῖνο</span> 
     </span>
    </p>

    <p class='ocr_par' dir='ltr' id='par_1_8' title="bbox 143 2173 1323 2649">
     <span class='ocr_line' id='line_1_16' title="bbox 143 2173 1321 2259; baseline -0.003 -24"><span class='ocrx_word' id='word_1_168' title='bbox 143 2183 172 2235; x_wconf 83' lang='grc'>15</span> <span class='ocrx_word' id='word_1_169' title='bbox 203 2173 307 2247; x_wconf 76' lang='grc' dir='ltr'>ἀνῆλθε</span> <span class='ocrx_word' id='word_1_170' title='bbox 334 2179 380 2234; x_wconf 86' lang='grc' dir='ltr'>καί</span> <span class='ocrx_word' id='word_1_171' title='bbox 408 2178 455 2234; x_wconf 89' lang='grc' dir='ltr'>τὸν</span> <span class='ocrx_word' id='word_1_172' title='bbox 483 2178 725 2259; x_wconf 85' lang='grc' dir='ltr'>όπερουράνιον</span> <span class='ocrx_word' id='word_1_173' title='bbox 753 2178 860 2235; x_wconf 83' lang='grc' dir='ltr'>τόπον·</span> <span class='ocrx_word' id='word_1_174' title='bbox 889 2179 934 2235; x_wconf 86' lang='grc' dir='ltr'>καί</span> <span class='ocrx_word' id='word_1_175' title='bbox 963 2177 996 2248; x_wconf 80' lang='grc' dir='ltr'>δὴ</span> <span class='ocrx_word' id='word_1_176' title='bbox 1025 2179 1070 2234; x_wconf 87' lang='grc' dir='ltr'>καί</span> <span class='ocrx_word' id='word_1_177' title='bbox 1099 2177 1162 2242; x_wconf 76' lang='grc' dir='ltr'>τοὺς</span> <span class='ocrx_word' id='word_1_178' title='bbox 1186 2177 1249 2256; x_wconf 88' lang='grc' dir='ltr'>περὶ</span> <span class='ocrx_word' id='word_1_179' title='bbox 1273 2179 1321 2232; x_wconf 88' lang='grc' dir='ltr'>τοῦ</span> 
     </span>
     <span class='ocr_line' id='line_1_17' title="bbox 201 2271 1321 2356; baseline -0.003 -25"><span class='ocrx_word' id='word_1_180' title='bbox 201 2271 302 2354; x_wconf 82' lang='grc' dir='ltr'>ἔρωτος</span> <span class='ocrx_word' id='word_1_181' title='bbox 315 2273 414 2354; x_wconf 83' lang='grc' dir='ltr'>λόγους</span> <span class='ocrx_word' id='word_1_182' title='bbox 435 2273 518 2347; x_wconf 84' lang='grc' dir='ltr'>δῆλός</span> <span class='ocrx_word' id='word_1_183' title='bbox 532 2276 587 2332; x_wconf 78' lang='grc' dir='ltr'>ἐστι</span> <span class='ocrx_word' id='word_1_184' title='bbox 605 2277 672 2356; x_wconf 85' lang='grc' dir='ltr'>πρὸς</span> <span class='ocrx_word' id='word_1_185' title='bbox 689 2278 721 2333; x_wconf 90' lang='grc' dir='ltr'>τὸ</span> <span class='ocrx_word' id='word_1_186' title='bbox 742 2275 853 2355; x_wconf 88' lang='grc' dir='ltr'>ἐραστὸν</span> <span class='ocrx_word' id='word_1_187' title='bbox 873 2275 1024 2356; x_wconf 79' lang='grc' dir='ltr'>άναρέρων.</span> <span class='ocrx_word' id='word_1_188' title='bbox 1045 2273 1112 2333; x_wconf 65' lang='lat' dir='ltr'><strong>olus</strong></span> <span class='ocrx_word' id='word_1_189' title='bbox 1131 2273 1177 2332; x_wconf 83' lang='grc' dir='ltr'>οῦν</span> <span class='ocrx_word' id='word_1_190' title='bbox 1198 2273 1321 2338; x_wconf 79' lang='grc' dir='ltr'>πολλοὺς</span> 
     </span>
     <span class='ocr_line' id='line_1_18' title="bbox 201 2371 1321 2454; baseline 0 -26"><span class='ocrx_word' id='word_1_191' title='bbox 201 2373 383 2452; x_wconf 72' lang='grc' dir='ltr'>εἶναιφατέον</span> <span class='ocrx_word' id='word_1_192' title='bbox 398 2373 460 2438; x_wconf 79' lang='grc' dir='ltr'>τοὺς</span> <span class='ocrx_word' id='word_1_193' title='bbox 476 2374 590 2441; x_wconf 75' lang='grc' dir='ltr'>σκοποὺς</span> <span class='ocrx_word' id='word_1_194' title='bbox 606 2375 685 2454; x_wconf 86' lang='grc' dir='ltr'>(πρὸς</span> <span class='ocrx_word' id='word_1_195' title='bbox 705 2375 756 2453; x_wconf 79' lang='grc' dir='ltr'>γάρ</span> <span class='ocrx_word' id='word_1_196' title='bbox 775 2371 804 2432; x_wconf 81' lang='grc' dir='ltr'>έν</span> <span class='ocrx_word' id='word_1_197' title='bbox 823 2395 849 2430; x_wconf 90' lang='grc' dir='ltr'>τι</span> <span class='ocrx_word' id='word_1_198' title='bbox 870 2374 958 2430; x_wconf 90' lang='grc' dir='ltr'>πάντα</span> <span class='ocrx_word' id='word_1_199' title='bbox 979 2371 1020 2431; x_wconf 88' lang='grc' dir='ltr'>δεῖ</span> <span class='ocrx_word' id='word_1_200' title='bbox 1034 2373 1162 2431; x_wconf 81' lang='grc' dir='ltr'>τετάσθαι</span> <span class='ocrx_word' id='word_1_201' title='bbox 1174 2371 1211 2429; x_wconf 75' lang='grc' dir='ltr'>’ἶν’</span> <span class='ocrx_word' id='word_1_202' title='bbox 1230 2373 1321 2450; x_wconf 80' lang='grc' dir='ltr'>ὥσπερ</span> 
     </span>
     <span class='ocr_line' id='line_1_19' title="bbox 200 2473 1320 2556; baseline -0.002 -28"><span class='ocrx_word' id='word_1_203' title='bbox 200 2473 229 2528; x_wconf 82' lang='grc' dir='ltr'>ἓν</span> <span class='ocrx_word' id='word_1_204' title='bbox 245 2475 316 2546; x_wconf 75' lang='grc' dir='ltr'>ζῷον</span> <span class='ocrx_word' id='word_1_205' title='bbox 334 2474 349 2530; x_wconf 92' lang='grc' dir='ltr'>ό</span> <span class='ocrx_word' id='word_1_206' title='bbox 365 2473 449 2552; x_wconf 88' lang='grc' dir='ltr'>λόγος</span> <span class='ocrx_word' id='word_1_207' title='bbox 466 2475 588 2556; x_wconf 69' lang='grc' dir='ltr'>ὑπάρχῃ)</span> <span class='ocrx_word' id='word_1_208' title='bbox 605 2473 667 2532; x_wconf 77' lang='grc' dir='ltr'>οὔτε</span> <span class='ocrx_word' id='word_1_209' title='bbox 681 2475 733 2531; x_wconf 84' lang='grc' dir='ltr'>άπὸ</span> <span class='ocrx_word' id='word_1_210' title='bbox 750 2475 847 2554; x_wconf 86' lang='grc' dir='ltr'>μέρους</span> <span class='ocrx_word' id='word_1_211' title='bbox 863 2473 925 2552; x_wconf 84' lang='grc' dir='ltr'>περί</span> <span class='ocrx_word' id='word_1_212' title='bbox 938 2478 986 2530; x_wconf 92' lang='grc' dir='ltr'>τοῦ</span> <span class='ocrx_word' id='word_1_213' title='bbox 1000 2475 1101 2537; x_wconf 86' lang='grc' dir='ltr'>παντὸς</span> <span class='ocrx_word' id='word_1_214' title='bbox 1116 2473 1320 2552; x_wconf 69' lang='grc' dir='ltr'>ἀποφαίνεσθαι,</span> 
     </span>
     <span class='ocr_line' id='line_1_20' title="bbox 204 2566 1323 2649; baseline -0.004 -22"><span class='ocrx_word' id='word_1_215' title='bbox 204 2569 279 2628; x_wconf 84' lang='grc' dir='ltr'>άλλά</span> <span class='ocrx_word' id='word_1_216' title='bbox 294 2572 340 2627; x_wconf 89' lang='grc' dir='ltr'>τὸν</span> <span class='ocrx_word' id='word_1_217' title='bbox 358 2571 443 2649; x_wconf 91' lang='grc' dir='ltr'>λόγον</span> <span class='ocrx_word' id='word_1_218' title='bbox 459 2572 497 2636; x_wconf 85' lang='grc' dir='ltr'>εἷς</span> <span class='ocrx_word' id='word_1_219' title='bbox 514 2571 562 2630; x_wconf 67' lang='lat' dir='ltr'>lua</span> <span class='ocrx_word' id='word_1_220' title='bbox 581 2573 735 2630; x_wconf 79' lang='grc' dir='ltr'>συντάττειν</span> <span class='ocrx_word' id='word_1_221' title='bbox 751 2571 862 2629; x_wconf 89' lang='grc' dir='ltr'>σκοπόν.</span> <span class='ocrx_word' id='word_1_222' title='bbox 877 2571 952 2628; x_wconf 83' lang='grc' dir='ltr'>Ἔστι</span> <span class='ocrx_word' id='word_1_223' title='bbox 972 2569 1000 2628; x_wconf 81' lang='grc' dir='ltr'>δὲ</span> <span class='ocrx_word' id='word_1_224' title='bbox 1015 2572 1106 2642; x_wconf 79' lang='grc' dir='ltr'>οὗτος,</span> <span class='ocrx_word' id='word_1_225' title='bbox 1124 2571 1161 2634; x_wconf 83' lang='grc' dir='ltr'>ὡς</span> <span class='ocrx_word' id='word_1_226' title='bbox 1182 2566 1323 2626; x_wconf 86' lang='grc' dir='ltr'>συνελόντι</span> 
     </span>
    </p>

    <p class='ocr_par' dir='ltr' id='par_1_9' title="bbox 146 2666 1324 3142">
     <span class='ocr_line' id='line_1_21' title="bbox 146 2666 1322 2752; baseline -0.006 -26"><span class='ocrx_word' id='word_1_227' title='bbox 146 2674 175 2726; x_wconf 78' lang='grc' dir='ltr'>θθ</span> <span class='ocrx_word' id='word_1_228' title='bbox 207 2669 305 2743; x_wconf 83' lang='grc' dir='ltr'>εἰπεῖν,</span> <span class='ocrx_word' id='word_1_229' title='bbox 326 2669 387 2748; x_wconf 80' lang='grc' dir='ltr'>περὶ</span> <span class='ocrx_word' id='word_1_230' title='bbox 409 2673 457 2725; x_wconf 89' lang='grc' dir='ltr'>τοῦ</span> <span class='ocrx_word' id='word_1_231' title='bbox 475 2668 648 2727; x_wconf 81' lang='grc' dir='ltr'>παντοδαποῦ</span> <span class='ocrx_word' id='word_1_232' title='bbox 669 2668 757 2727; x_wconf 88' lang='grc' dir='ltr'>καλοῦ</span> <span class='ocrx_word' id='word_1_233' title='bbox 778 2666 903 2752; x_wconf 88' lang='grc' dir='ltr'>[είπεῖν].</span> <span class='ocrx_word' id='word_1_234' title='bbox 926 2671 972 2726; x_wconf 86' lang='grc' dir='ltr'>Διὸ</span> <span class='ocrx_word' id='word_1_235' title='bbox 994 2667 1106 2749; x_wconf 74' lang='grc' dir='ltr'>ἄρχεται</span> <span class='ocrx_word' id='word_1_236' title='bbox 1132 2667 1179 2743; x_wconf 79' lang='grc' dir='ltr'>μὲν</span> <span class='ocrx_word' id='word_1_237' title='bbox 1201 2667 1253 2722; x_wconf 87' lang='grc' dir='ltr'>άπὸ</span> <span class='ocrx_word' id='word_1_238' title='bbox 1274 2669 1322 2722; x_wconf 89' lang='grc' dir='ltr'>τοῦ</span> 
     </span>
     <span class='ocr_line' id='line_1_22' title="bbox 203 2765 1322 2848; baseline -0.004 -24"><span class='ocrx_word' id='word_1_239' title='bbox 203 2767 369 2846; x_wconf 80' lang='grc' dir='ltr'>ραινομένου</span> <span class='ocrx_word' id='word_1_240' title='bbox 389 2767 510 2832; x_wconf 83' lang='grc' dir='ltr'>κάλλους</span> <span class='ocrx_word' id='word_1_241' title='bbox 534 2773 582 2825; x_wconf 87' lang='grc' dir='ltr'>τοῦ</span> <span class='ocrx_word' id='word_1_242' title='bbox 605 2768 632 2825; x_wconf 85' lang='grc' dir='ltr'>ἐν</span> <span class='ocrx_word' id='word_1_243' title='bbox 652 2773 686 2844; x_wconf 77' lang='grc' dir='ltr'>τῇ</span> <span class='ocrx_word' id='word_1_244' title='bbox 711 2773 802 2848; x_wconf 79' lang='grc' dir='ltr'>μορρῇ</span> <span class='ocrx_word' id='word_1_245' title='bbox 824 2773 872 2825; x_wconf 89' lang='grc' dir='ltr'>τοῦ</span> <span class='ocrx_word' id='word_1_246' title='bbox 892 2765 1026 2847; x_wconf 87' lang='grc' dir='ltr'>Φαίδρου,</span> <span class='ocrx_word' id='word_1_247' title='bbox 1052 2768 1133 2844; x_wconf 72' lang='grc' dir='ltr'>οὗπερ</span> <span class='ocrx_word' id='word_1_248' title='bbox 1155 2765 1267 2844; x_wconf 76' lang='grc' dir='ltr'>ἐραστὴς</span> <span class='ocrx_word' id='word_1_249' title='bbox 1288 2765 1322 2834; x_wconf 78' lang='grc' dir='ltr'>ἦν</span> 
     </span>
     <span class='ocr_line' id='line_1_23' title="bbox 204 2863 1320 2946; baseline -0.002 -24"><span class='ocrx_word' id='word_1_250' title='bbox 204 2867 219 2922; x_wconf 92' lang='lat'>6</span> <span class='ocrx_word' id='word_1_251' title='bbox 240 2867 350 2938; x_wconf 90' lang='grc' dir='ltr'>Λυσίας,</span> <span class='ocrx_word' id='word_1_252' title='bbox 371 2867 440 2922; x_wconf 72' lang='grc' dir='ltr'>κατά</span> <span class='ocrx_word' id='word_1_253' title='bbox 460 2866 616 2924; x_wconf 77' lang='grc' dir='ltr'>ἀπόπτωσιν</span> <span class='ocrx_word' id='word_1_254' title='bbox 635 2873 683 2924; x_wconf 90' lang='grc' dir='ltr'>τοῦ</span> <span class='ocrx_word' id='word_1_255' title='bbox 698 2866 829 2940; x_wconf 81' lang='grc' dir='ltr'>ἀληθινοῦ</span> <span class='ocrx_word' id='word_1_256' title='bbox 851 2865 964 2946; x_wconf 79' lang='grc' dir='ltr'>ἐραστοῦ</span> <span class='ocrx_word' id='word_1_257' title='bbox 978 2866 1129 2928; x_wconf 81' lang='grc' dir='ltr'>ἀκόλαστος</span> <span class='ocrx_word' id='word_1_258' title='bbox 1144 2863 1182 2920; x_wconf 83' lang='grc' dir='ltr'>ὢν</span> <span class='ocrx_word' id='word_1_259' title='bbox 1197 2863 1320 2942; x_wconf 69' lang='grc' dir='ltr'>ἐραστής.</span> 
     </span>
     <span class='ocr_line' id='line_1_24' title="bbox 205 2958 1324 3044; baseline -0.004 -24"><span class='ocrx_word' id='word_1_260' title='bbox 205 2965 271 3021; x_wconf 83' lang='grc' dir='ltr'>Είτα</span> <span class='ocrx_word' id='word_1_261' title='bbox 295 2963 415 3039; x_wconf 79' lang='grc' dir='ltr'>μέτεισιν</span> <span class='ocrx_word' id='word_1_262' title='bbox 443 2963 485 3021; x_wconf 86' lang='grc' dir='ltr'>ἐπὶ</span> <span class='ocrx_word' id='word_1_263' title='bbox 511 2968 542 3024; x_wconf 89' lang='grc' dir='ltr'>τό</span> <span class='ocrx_word' id='word_1_264' title='bbox 568 2965 595 3022; x_wconf 84' lang='grc' dir='ltr'>έν</span> <span class='ocrx_word' id='word_1_265' title='bbox 619 2971 676 3030; x_wconf 87' lang='grc' dir='ltr'>τοῖς</span> <span class='ocrx_word' id='word_1_266' title='bbox 705 2963 799 3042; x_wconf 88' lang='grc' dir='ltr'>λόγοις</span> <span class='ocrx_word' id='word_1_267' title='bbox 826 2963 923 3038; x_wconf 83' lang='grc' dir='ltr'>καλὸν,</span> <span class='ocrx_word' id='word_1_268' title='bbox 950 2966 980 3022; x_wconf 84' lang='grc' dir='ltr'>οῦ</span> <span class='ocrx_word' id='word_1_269' title='bbox 1007 2964 1120 3044; x_wconf 78' lang='grc' dir='ltr'>ἐραστὴς</span> <span class='ocrx_word' id='word_1_270' title='bbox 1144 2958 1324 3041; x_wconf 85' lang='grc' dir='ltr'>παραδίδοται</span> 
     </span>
     <span class='ocr_line' id='line_1_25' title="bbox 206 3061 1323 3142; baseline -0.004 -23"><span class='ocrx_word' id='word_1_271' title='bbox 206 3061 337 3141; x_wconf 82' lang='grc' dir='ltr'>Φαῖδρος,</span> <span class='ocrx_word' id='word_1_272' title='bbox 367 3063 503 3142; x_wconf 83' lang='grc' dir='ltr'>ἐρώμενος</span> <span class='ocrx_word' id='word_1_273' title='bbox 532 3064 560 3122; x_wconf 80' lang='grc' dir='ltr'>δέ</span> <span class='ocrx_word' id='word_1_274' title='bbox 586 3067 601 3122; x_wconf 95' lang='lat'>6</span> <span class='ocrx_word' id='word_1_275' title='bbox 628 3066 726 3130; x_wconf 88' lang='grc' dir='ltr'>Λυσίας</span> <span class='ocrx_word' id='word_1_276' title='bbox 756 3065 774 3136; x_wconf 68' lang='grc' dir='ltr'><strong>ἢ</strong></span> <span class='ocrx_word' id='word_1_277' title='bbox 803 3065 817 3121; x_wconf 87' lang='grc' dir='ltr'>ό</span> <span class='ocrx_word' id='word_1_278' title='bbox 851 3063 949 3121; x_wconf 86' lang='grc' dir='ltr'>Λυσίου</span> <span class='ocrx_word' id='word_1_279' title='bbox 977 3063 1070 3142; x_wconf 88' lang='grc' dir='ltr'>λόγος·</span> <span class='ocrx_word' id='word_1_280' title='bbox 1106 3061 1146 3120; x_wconf 89' lang='grc' dir='ltr'>διὸ</span> <span class='ocrx_word' id='word_1_281' title='bbox 1177 3061 1323 3138; x_wconf 82' lang='grc' dir='ltr'>άντερώσιν</span> 
     </span>
    </p>

    <p class='ocr_par' dir='ltr' id='par_1_10' title="bbox 146 3159 1323 3636">
     <span class='ocr_line' id='line_1_26' title="bbox 146 3159 1321 3246; baseline -0.003 -29"><span class='ocrx_word' id='word_1_282' title='bbox 146 3167 175 3217; x_wconf 74' lang='grc'>25</span> <span class='ocrx_word' id='word_1_283' title='bbox 206 3159 340 3234; x_wconf 71' lang='grc' dir='ltr'>ἀλλήλων</span> <span class='ocrx_word' id='word_1_284' title='bbox 356 3162 455 3227; x_wconf 88' lang='grc' dir='ltr'>Λυσίας</span> <span class='ocrx_word' id='word_1_285' title='bbox 473 3163 518 3219; x_wconf 89' lang='grc' dir='ltr'>καί</span> <span class='ocrx_word' id='word_1_286' title='bbox 533 3163 662 3244; x_wconf 80' lang='grc' dir='ltr'>Φαῖδρος,</span> <span class='ocrx_word' id='word_1_287' title='bbox 678 3165 723 3222; x_wconf 86' lang='grc' dir='ltr'>καί</span> <span class='ocrx_word' id='word_1_288' title='bbox 738 3165 887 3246; x_wconf 80' lang='grc' dir='ltr'>άμρότεροι</span> <span class='ocrx_word' id='word_1_289' title='bbox 909 3163 1017 3242; x_wconf 84' lang='grc' dir='ltr'>ἐρασταί</span> <span class='ocrx_word' id='word_1_290' title='bbox 1039 3162 1090 3219; x_wconf 90' lang='grc' dir='ltr'>είσι</span> <span class='ocrx_word' id='word_1_291' title='bbox 1109 3161 1155 3218; x_wconf 89' lang='grc' dir='ltr'>καὶ</span> <span class='ocrx_word' id='word_1_292' title='bbox 1177 3159 1321 3238; x_wconf 80' lang='grc' dir='ltr'>ἐρώμενοι,</span> 
     </span>
     <span class='ocr_line' id='line_1_27' title="bbox 206 3254 1323 3340; baseline -0.004 -25"><span class='ocrx_word' id='word_1_293' title='bbox 206 3257 271 3317; x_wconf 80' lang='grc' dir='ltr'>ἀλλ’</span> <span class='ocrx_word' id='word_1_294' title='bbox 294 3259 325 3315; x_wconf 89' lang='grc' dir='ltr'>οό</span> <span class='ocrx_word' id='word_1_295' title='bbox 344 3261 414 3317; x_wconf 82' lang='grc' dir='ltr'>κατά</span> <span class='ocrx_word' id='word_1_296' title='bbox 432 3261 479 3317; x_wconf 86' lang='grc' dir='ltr'>τὸν</span> <span class='ocrx_word' id='word_1_297' title='bbox 507 3261 587 3318; x_wconf 82' lang='grc' dir='ltr'>αὐτὸν</span> <span class='ocrx_word' id='word_1_298' title='bbox 607 3259 704 3340; x_wconf 81' lang='grc' dir='ltr'>ἔρωτα·</span> <span class='ocrx_word' id='word_1_299' title='bbox 734 3260 775 3318; x_wconf 86' lang='grc' dir='ltr'>διὸ</span> <span class='ocrx_word' id='word_1_300' title='bbox 803 3263 849 3318; x_wconf 87' lang='grc' dir='ltr'>καὶ</span> <span class='ocrx_word' id='word_1_301' title='bbox 880 3260 1007 3338; x_wconf 87' lang='grc' dir='ltr'>βελτίους</span> <span class='ocrx_word' id='word_1_302' title='bbox 1031 3257 1114 3338; x_wconf 80' lang='grc' dir='ltr'>ἀ’μρω</span> <span class='ocrx_word' id='word_1_303' title='bbox 1135 3257 1204 3314; x_wconf 83' lang='grc' dir='ltr'>κατά</span> <span class='ocrx_word' id='word_1_304' title='bbox 1231 3277 1257 3312; x_wconf 89' lang='grc' dir='ltr'>τι</span> <span class='ocrx_word' id='word_1_305' title='bbox 1278 3254 1323 3311; x_wconf 85' lang='grc' dir='ltr'>καί</span> 
     </span>
     <span class='ocr_line' id='line_1_28' title="bbox 205 3351 1323 3438; baseline -0.006 -22"><span class='ocrx_word' id='word_1_306' title='bbox 205 3359 328 3438; x_wconf 83' lang='grc' dir='ltr'>χείρους·</span> <span class='ocrx_word' id='word_1_307' title='bbox 357 3359 424 3414; x_wconf 82' lang='grc' dir='ltr'>καθὸ</span> <span class='ocrx_word' id='word_1_308' title='bbox 454 3358 503 3433; x_wconf 76' lang='grc' dir='ltr'>μὲν</span> <span class='ocrx_word' id='word_1_309' title='bbox 535 3359 587 3438; x_wconf 84' lang='grc' dir='ltr'>γάρ</span> <span class='ocrx_word' id='word_1_310' title='bbox 616 3359 743 3438; x_wconf 75' lang='grc' dir='ltr'>ἐραστὴς,</span> <span class='ocrx_word' id='word_1_311' title='bbox 780 3358 898 3438; x_wconf 91' lang='grc' dir='ltr'>βελτίων</span> <span class='ocrx_word' id='word_1_312' title='bbox 926 3361 940 3416; x_wconf 90' lang='grc' dir='ltr'>ό</span> <span class='ocrx_word' id='word_1_313' title='bbox 969 3355 1098 3437; x_wconf 83' lang='grc' dir='ltr'>Φαίδρας,</span> <span class='ocrx_word' id='word_1_314' title='bbox 1126 3355 1227 3436; x_wconf 91' lang='grc' dir='ltr'>χείρων</span> <span class='ocrx_word' id='word_1_315' title='bbox 1254 3351 1282 3410; x_wconf 77' lang='grc' dir='ltr'>δέ</span> <span class='ocrx_word' id='word_1_316' title='bbox 1309 3354 1323 3408; x_wconf 91' lang='grc' dir='ltr'>ό</span> 
     </span>
     <span class='ocr_line' id='line_1_29' title="bbox 207 3451 1322 3538; baseline -0.006 -25"><span class='ocrx_word' id='word_1_317' title='bbox 207 3457 314 3520; x_wconf 88' lang='grc' dir='ltr'>Λυσίας·</span> <span class='ocrx_word' id='word_1_318' title='bbox 332 3458 346 3512; x_wconf 90' lang='lat'>6</span> <span class='ocrx_word' id='word_1_319' title='bbox 363 3457 412 3531; x_wconf 77' lang='grc' dir='ltr'>μὲν</span> <span class='ocrx_word' id='word_1_320' title='bbox 427 3458 478 3536; x_wconf 79' lang='grc' dir='ltr'>γάρ</span> <span class='ocrx_word' id='word_1_321' title='bbox 493 3456 592 3521; x_wconf 90' lang='grc' dir='ltr'>Λυσίας</span> <span class='ocrx_word' id='word_1_322' title='bbox 606 3463 654 3515; x_wconf 89' lang='grc' dir='ltr'>τοῦ</span> <span class='ocrx_word' id='word_1_323' title='bbox 669 3457 794 3533; x_wconf 85' lang='grc' dir='ltr'>σώματος</span> <span class='ocrx_word' id='word_1_324' title='bbox 808 3456 863 3538; x_wconf 71' lang='grc' dir='ltr'>ἤρα</span> <span class='ocrx_word' id='word_1_325' title='bbox 878 3458 986 3529; x_wconf 83' lang='grc' dir='ltr'>καὶτῆς</span> <span class='ocrx_word' id='word_1_326' title='bbox 1002 3455 1154 3513; x_wconf 86' lang='grc' dir='ltr'>άκολάστου</span> <span class='ocrx_word' id='word_1_327' title='bbox 1169 3451 1322 3526; x_wconf 83' lang='grc' dir='ltr'>ἐπιθυμίας,</span> 
     </span>
     <span class='ocr_line' id='line_1_30' title="bbox 207 3551 1321 3636; baseline -0.004 -26"><span class='ocrx_word' id='word_1_328' title='bbox 207 3556 222 3610; x_wconf 92' lang='grc' dir='ltr'>ό</span> <span class='ocrx_word' id='word_1_329' title='bbox 244 3554 273 3611; x_wconf 77' lang='grc' dir='ltr'>δέ</span> <span class='ocrx_word' id='word_1_330' title='bbox 292 3553 409 3636; x_wconf 85' lang='grc' dir='ltr'>Φαῖδρος</span> <span class='ocrx_word' id='word_1_331' title='bbox 429 3560 477 3612; x_wconf 87' lang='grc' dir='ltr'>τοῦ</span> <span class='ocrx_word' id='word_1_332' title='bbox 496 3555 523 3613; x_wconf 83' lang='grc' dir='ltr'>έν</span> <span class='ocrx_word' id='word_1_333' title='bbox 539 3556 632 3634; x_wconf 87' lang='grc' dir='ltr'>λόγοις</span> <span class='ocrx_word' id='word_1_334' title='bbox 646 3557 733 3614; x_wconf 87' lang='grc' dir='ltr'>καλοῦ</span> <span class='ocrx_word' id='word_1_335' title='bbox 746 3558 790 3614; x_wconf 85' lang='grc' dir='ltr'>καί</span> <span class='ocrx_word' id='word_1_336' title='bbox 812 3561 859 3614; x_wconf 87' lang='grc' dir='ltr'>τοῦ</span> <span class='ocrx_word' id='word_1_337' title='bbox 879 3555 906 3612; x_wconf 76' lang='lat' dir='ltr'>lv</span> <span class='ocrx_word' id='word_1_338' title='bbox 927 3578 960 3630; x_wconf 81' lang='grc' dir='ltr'>τρ</span> <span class='ocrx_word' id='word_1_339' title='bbox 976 3555 1095 3611; x_wconf 85' lang='grc' dir='ltr'>συνθέσει</span> <span class='ocrx_word' id='word_1_340' title='bbox 1109 3559 1163 3609; x_wconf 83' lang='grc' dir='ltr'>τών</span> <span class='ocrx_word' id='word_1_341' title='bbox 1178 3551 1321 3629; x_wconf 79' lang='grc' dir='ltr'>ῥημάτων,</span> 
     </span>
    </p>

    <p class='ocr_par' dir='ltr' id='par_1_11' title="bbox 150 3648 1324 3929">
     <span class='ocr_line' id='line_1_31' title="bbox 150 3648 1323 3734; baseline -0.005 -24"><span class='ocrx_word' id='word_1_342' title='bbox 150 3652 178 3704; x_wconf 79' lang='grc'>30</span> <span class='ocrx_word' id='word_1_343' title='bbox 208 3655 223 3710; x_wconf 87' lang='lat'>6</span> <span class='ocrx_word' id='word_1_344' title='bbox 237 3653 386 3732; x_wconf 85' lang='grc' dir='ltr'>ἀυλότερόν</span> <span class='ocrx_word' id='word_1_345' title='bbox 397 3653 456 3718; x_wconf 88' lang='grc' dir='ltr'>πώς</span> <span class='ocrx_word' id='word_1_346' title='bbox 470 3654 535 3711; x_wconf 82' lang='grc' dir='ltr'>ἐστι·</span> <span class='ocrx_word' id='word_1_347' title='bbox 547 3657 614 3712; x_wconf 89' lang='grc' dir='ltr'>καθὸ</span> <span class='ocrx_word' id='word_1_348' title='bbox 630 3653 659 3711; x_wconf 78' lang='lat' dir='ltr'>li</span> <span class='ocrx_word' id='word_1_349' title='bbox 673 3653 818 3734; x_wconf 84' lang='grc' dir='ltr'>ἐρώμενος,</span> <span class='ocrx_word' id='word_1_350' title='bbox 833 3653 950 3732; x_wconf 88' lang='grc' dir='ltr'>βελτίων</span> <span class='ocrx_word' id='word_1_351' title='bbox 964 3655 978 3710; x_wconf 93' lang='lat'>6</span> <span class='ocrx_word' id='word_1_352' title='bbox 995 3653 1089 3717; x_wconf 88' lang='grc' dir='ltr'>Λυσίας</span> <span class='ocrx_word' id='word_1_353' title='bbox 1108 3651 1163 3708; x_wconf 84' lang='grc' dir='ltr'>ἐστί</span> <span class='ocrx_word' id='word_1_354' title='bbox 1178 3648 1323 3729; x_wconf 84' lang='grc' dir='ltr'>(τουτέστιν</span> 
     </span>
     <span class='ocr_line' id='line_1_32' title="bbox 209 3746 1324 3832; baseline -0.004 -25"><span class='ocrx_word' id='word_1_355' title='bbox 209 3751 338 3808; x_wconf 86' lang='grc' dir='ltr'>όΛυσίου</span> <span class='ocrx_word' id='word_1_356' title='bbox 360 3749 470 3830; x_wconf 78' lang='grc' dir='ltr'>λόγος),</span> <span class='ocrx_word' id='word_1_357' title='bbox 492 3753 592 3832; x_wconf 88' lang='grc' dir='ltr'>χείρων</span> <span class='ocrx_word' id='word_1_358' title='bbox 617 3750 646 3810; x_wconf 80' lang='grc' dir='ltr'>δέ</span> <span class='ocrx_word' id='word_1_359' title='bbox 667 3754 681 3808; x_wconf 89' lang='grc' dir='ltr'>ό</span> <span class='ocrx_word' id='word_1_360' title='bbox 700 3751 829 3832; x_wconf 86' lang='grc' dir='ltr'>Φαῖδρος,</span> <span class='ocrx_word' id='word_1_361' title='bbox 848 3759 888 3827; x_wconf 85' lang='grc' dir='ltr'>τῷ</span> <span class='ocrx_word' id='word_1_362' title='bbox 908 3750 991 3808; x_wconf 89' lang='grc' dir='ltr'>πάλιν</span> <span class='ocrx_word' id='word_1_363' title='bbox 1018 3751 1155 3831; x_wconf 83' lang='grc' dir='ltr'>ἐρώμενον</span> <span class='ocrx_word' id='word_1_364' title='bbox 1180 3749 1228 3825; x_wconf 82' lang='grc' dir='ltr'>μὶν</span> <span class='ocrx_word' id='word_1_365' title='bbox 1255 3746 1324 3804; x_wconf 78' lang='grc' dir='ltr'>εῖναι</span> 
     </span>
     <span class='ocr_line' id='line_1_33' title="bbox 207 3843 1321 3929; baseline -0.003 -22"><span class='ocrx_word' id='word_1_366' title='bbox 207 3855 256 3907; x_wconf 90' lang='grc' dir='ltr'>τοῦ</span> <span class='ocrx_word' id='word_1_367' title='bbox 280 3847 401 3928; x_wconf 88' lang='grc' dir='ltr'>Φαίδρου</span> <span class='ocrx_word' id='word_1_368' title='bbox 425 3851 471 3906; x_wconf 88' lang='grc' dir='ltr'>τὸν</span> <span class='ocrx_word' id='word_1_369' title='bbox 494 3850 577 3928; x_wconf 87' lang='grc' dir='ltr'>λόγον</span> <span class='ocrx_word' id='word_1_370' title='bbox 602 3852 708 3916; x_wconf 88' lang='grc' dir='ltr'>Λυσίου,</span> <span class='ocrx_word' id='word_1_371' title='bbox 734 3850 872 3929; x_wconf 83' lang='grc' dir='ltr'>ἐρώμενον</span> <span class='ocrx_word' id='word_1_372' title='bbox 896 3847 925 3906; x_wconf 76' lang='grc' dir='ltr'>δὲ</span> <span class='ocrx_word' id='word_1_373' title='bbox 944 3855 992 3907; x_wconf 86' lang='grc' dir='ltr'>τοῦ</span> <span class='ocrx_word' id='word_1_374' title='bbox 1009 3847 1108 3905; x_wconf 83' lang='grc' dir='ltr'>Λυσίου</span> <span class='ocrx_word' id='word_1_375' title='bbox 1127 3848 1174 3905; x_wconf 88' lang='grc' dir='ltr'>τὸν</span> <span class='ocrx_word' id='word_1_376' title='bbox 1193 3843 1321 3925; x_wconf 90' lang='grc' dir='ltr'>Φαῖδρον.</span> 
     </span>
    </p>
   </div>
   <div class='ocr_carea' id='block_1_3' title="bbox 209 3942 1324 4029">
    <p class='ocr_par' dir='ltr' id='par_1_12' title="bbox 209 3942 1324 4029">
     <span class='ocr_line' id='line_1_34' title="bbox 209 3942 1324 4029; baseline -0.006 -25"><span class='ocrx_word' id='word_1_377' title='bbox 209 3948 274 4004; x_wconf 81' lang='grc' dir='ltr'>Είτα</span> <span class='ocrx_word' id='word_1_378' title='bbox 297 3943 527 4022; x_wconf 80' lang='grc' dir='ltr'>έπαναόιθασμοῖς</span> <span class='ocrx_word' id='word_1_379' title='bbox 549 3948 694 4028; x_wconf 88' lang='grc' dir='ltr'>χρώμενος</span> <span class='ocrx_word' id='word_1_380' title='bbox 713 3950 727 4004; x_wconf 89' lang='grc' dir='ltr'>ό</span> <span class='ocrx_word' id='word_1_381' title='bbox 749 3949 896 4029; x_wconf 84' lang='grc' dir='ltr'>Σωκράτης</span> <span class='ocrx_word' id='word_1_382' title='bbox 916 3947 1050 4004; x_wconf 83' lang='grc' dir='ltr'>ἐπάνεισιν</span> <span class='ocrx_word' id='word_1_383' title='bbox 1076 3946 1129 4002; x_wconf 84' lang='grc' dir='ltr'>ἀπὸ</span> <span class='ocrx_word' id='word_1_384' title='bbox 1153 3948 1201 4000; x_wconf 85' lang='grc' dir='ltr'>τοῦ</span> <span class='ocrx_word' id='word_1_385' title='bbox 1220 3942 1247 3999; x_wconf 81' lang='grc' dir='ltr'>ἐν</span> <span class='ocrx_word' id='word_1_386' title='bbox 1267 3947 1324 4005; x_wconf 86' lang='grc' dir='ltr'>τοῖς</span> 
     </span>
    </p>
   </div>
   <div class='ocr_carea' id='block_1_4' title="bbox 210 4040 1322 4127">
    <p class='ocr_par' dir='ltr' id='par_1_13' title="bbox 210 4040 1322 4127">
     <span class='ocr_line' id='line_1_35' title="bbox 210 4040 1322 4127; baseline -0.006 -24"><span class='ocrx_word' id='word_1_387' title='bbox 210 4045 303 4124; x_wconf 88' lang='grc' dir='ltr'>λόγοις</span> <span class='ocrx_word' id='word_1_388' title='bbox 324 4045 411 4104; x_wconf 90' lang='grc' dir='ltr'>καλοῦ</span> <span class='ocrx_word' id='word_1_389' title='bbox 435 4046 477 4103; x_wconf 83' lang='grc' dir='ltr'>ἐπί</span> <span class='ocrx_word' id='word_1_390' title='bbox 498 4047 528 4104; x_wconf 87' lang='grc' dir='ltr'>τὸ</span> <span class='ocrx_word' id='word_1_391' title='bbox 548 4049 663 4127; x_wconf 79' lang='grc' dir='ltr'>ψυχικὸν</span> <span class='ocrx_word' id='word_1_392' title='bbox 686 4045 800 4118; x_wconf 89' lang='grc' dir='ltr'>κάλλος,</span> <span class='ocrx_word' id='word_1_393' title='bbox 821 4045 941 4104; x_wconf 83' lang='grc' dir='ltr'>τουτέστι</span> <span class='ocrx_word' id='word_1_394' title='bbox 963 4045 1012 4109; x_wconf 83' lang='grc' dir='ltr'>τάς</span> <span class='ocrx_word' id='word_1_395' title='bbox 1033 4043 1126 4124; x_wconf 86' lang='grc' dir='ltr'>άρετάς</span> <span class='ocrx_word' id='word_1_396' title='bbox 1140 4065 1170 4099; x_wconf 90' lang='grc' dir='ltr'>τε</span> <span class='ocrx_word' id='word_1_397' title='bbox 1186 4042 1231 4098; x_wconf 88' lang='grc' dir='ltr'>καί</span> <span class='ocrx_word' id='word_1_398' title='bbox 1250 4040 1322 4098; x_wconf 83' lang='grc' dir='ltr'>ἐπισ-</span> 
     </span>
    </p>
   </div>
   <div class='ocr_carea' id='block_1_5' title="bbox 240 4281 1087 4351">
    <p class='ocr_par' dir='ltr' id='par_1_14' title="bbox 240 4281 1087 4351">
     <span class='ocr_line' id='line_1_36' title="bbox 240 4281 1087 4351; baseline -0.005 -17"><span class='ocrx_word' id='word_1_399' title='bbox 240 4283 297 4335; x_wconf 84' lang='grc'>9·11</span> <span class='ocrx_word' id='word_1_400' title='bbox 314 4282 395 4333; x_wconf 76' lang='grc'>2470</span> <span class='ocrx_word' id='word_1_401' title='bbox 460 4283 490 4333; x_wconf 89' lang='grc'>18</span> <span class='ocrx_word' id='word_1_402' title='bbox 503 4288 566 4351; x_wconf 82' lang='grc' dir='ltr'>ζῷον</span> <span class='ocrx_word' id='word_1_403' title='bbox 581 4282 618 4332; x_wconf 81' lang='lat' dir='ltr'>cl.</span> <span class='ocrx_word' id='word_1_404' title='bbox 637 4281 662 4342; x_wconf 83' lang='grc'>9,</span> <span class='ocrx_word' id='word_1_405' title='bbox 676 4283 691 4332; x_wconf 87' lang='grc'>9</span> <span class='ocrx_word' id='word_1_406' title='bbox 754 4283 785 4332; x_wconf 81' lang='lat'>20</span> <span class='ocrx_word' id='word_1_407' title='bbox 801 4284 961 4334; x_wconf 81' lang='grc' dir='ltr'>παντοδαποῦ</span> <span class='ocrx_word' id='word_1_408' title='bbox 975 4281 1013 4333; x_wconf 74' lang='grc' dir='ltr'>σί.</span> <span class='ocrx_word' id='word_1_409' title='bbox 1032 4283 1056 4341; x_wconf 87' lang='lat'>9,</span> <span class='ocrx_word' id='word_1_410' title='bbox 1072 4281 1087 4330; x_wconf 87' lang='lat'><strong>9</strong></span> 
     </span>
    </p>
   </div>
   <div class='ocr_carea' id='block_1_6' title="bbox 243 4417 1412 4488">
    <p class='ocr_par' dir='ltr' id='par_1_15' title="bbox 243 4417 1412 4488">
     <span class='ocr_line' id='line_1_37' title="bbox 243 4417 1412 4488; baseline -0.009 -12"><span class='ocrx_word' id='word_1_411' title='bbox 243 4427 289 4477; x_wconf 87' lang='lat' dir='ltr'>NG</span> <span class='ocrx_word' id='word_1_412' title='bbox 312 4427 327 4476; x_wconf 78' lang='lat'><em>2</em></span> <span class='ocrx_word' id='word_1_413' title='bbox 347 4431 361 4478; x_wconf 81' lang='grc' dir='ltr'><strong>ὀ</strong></span> <span class='ocrx_word' id='word_1_414' title='bbox 380 4427 477 4484; x_wconf 80' lang='grc' dir='ltr'>Λυσίας</span> <span class='ocrx_word' id='word_1_415' title='bbox 496 4424 597 4476; x_wconf 80' lang='lat' dir='ltr'><strong>seclusi</strong></span> <span class='ocrx_word' id='word_1_416' title='bbox 658 4423 825 4476; x_wconf 77' lang='lat' dir='ltr'><strong>liacunam</strong></span> <span class='ocrx_word' id='word_1_417' title='bbox 848 4423 956 4488; x_wconf 75' lang='lat' dir='ltr'><strong>signavi</strong></span> <span class='ocrx_word' id='word_1_418' title='bbox 1019 4424 1193 4485; x_wconf 76' lang='grc' dir='ltr'>5διαλέγεται</span> <span class='ocrx_word' id='word_1_419' title='bbox 1210 4417 1322 4482; x_wconf 86' lang='lat' dir='ltr'><strong>scripsi:</strong></span> <span class='ocrx_word' id='word_1_420' title='bbox 1408 4444 1412 4453; x_wconf 85' lang='lat'><em>-</em></span> 
     </span>
    </p>
   </div>
   <div class='ocr_carea' id='block_1_7' title="bbox 212 4490 1325 4846">
    <p class='ocr_par' dir='ltr' id='par_1_16' title="bbox 212 4490 1325 4846">
     <span class='ocr_line' id='line_1_38' title="bbox 212 4490 1262 4559; baseline -0.01 -9"><span class='ocrx_word' id='word_1_421' title='bbox 212 4501 344 4556; x_wconf 64' lang='grc' dir='ltr'>διαλέξεται</span> <span class='ocrx_word' id='word_1_422' title='bbox 364 4497 424 4547; x_wconf 90' lang='lat' dir='ltr'><strong>libri</strong></span> <span class='ocrx_word' id='word_1_423' title='bbox 487 4498 566 4549; x_wconf 78' lang='grc' dir='ltr'>θτυῡ</span> <span class='ocrx_word' id='word_1_424' title='bbox 585 4497 686 4547; x_wconf 80' lang='lat' dir='ltr'><strong>seclusi</strong></span> <span class='ocrx_word' id='word_1_425' title='bbox 749 4496 779 4546; x_wconf 87' lang='lat'>10</span> <span class='ocrx_word' id='word_1_426' title='bbox 800 4497 834 4547; x_wconf 77' lang='grc' dir='ltr'>ἐ’τι</span> <span class='ocrx_word' id='word_1_427' title='bbox 857 4495 952 4559; x_wconf 79' lang='lat' dir='ltr'><strong>scripsi</strong></span> <span class='ocrx_word' id='word_1_428' title='bbox 974 4494 1011 4544; x_wconf 86' lang='lat' dir='ltr'>cl.</span> <span class='ocrx_word' id='word_1_429' title='bbox 1040 4495 1065 4552; x_wconf 84' lang='lat'>9,</span> <span class='ocrx_word' id='word_1_430' title='bbox 1084 4493 1119 4542; x_wconf 83' lang='lat'>2:</span> <span class='ocrx_word' id='word_1_431' title='bbox 1144 4491 1180 4543; x_wconf 78' lang='grc' dir='ltr'>ὅτι</span> <span class='ocrx_word' id='word_1_432' title='bbox 1201 4490 1262 4540; x_wconf 88' lang='lat' dir='ltr'><strong>libri</strong></span> 
     </span>
     <span class='ocr_line' id='line_1_39' title="bbox 212 4560 1325 4634; baseline -0.007 -16"><span class='ocrx_word' id='word_1_433' title='bbox 212 4569 242 4618; x_wconf 76' lang='lat'>12</span> <span class='ocrx_word' id='word_1_434' title='bbox 264 4568 372 4634; x_wconf 77' lang='grc' dir='ltr'>σκοποῦ]</span> <span class='ocrx_word' id='word_1_435' title='bbox 387 4572 483 4620; x_wconf 83' lang='grc' dir='ltr'>σκοπόν</span> <span class='ocrx_word' id='word_1_436' title='bbox 502 4568 530 4617; x_wconf 90' lang='grc' dir='ltr'><strong>Μ</strong></span> <span class='ocrx_word' id='word_1_437' title='bbox 596 4571 624 4618; x_wconf 85' lang='grc'>13</span> <span class='ocrx_word' id='word_1_438' title='bbox 653 4581 714 4630; x_wconf 88' lang='lat' dir='ltr'><strong>sqq.</strong></span> <span class='ocrx_word' id='word_1_439' title='bbox 744 4568 804 4618; x_wconf 83' lang='lat' dir='ltr'><strong>lraec</strong></span> <span class='ocrx_word' id='word_1_440' title='bbox 826 4580 920 4616; x_wconf 88' lang='lat' dir='ltr'><strong>rursus</strong></span> <span class='ocrx_word' id='word_1_441' title='bbox 944 4579 1026 4622; x_wconf 83' lang='lat' dir='ltr'><strong>nova,</strong></span> <span class='ocrx_word' id='word_1_442' title='bbox 1044 4564 1142 4628; x_wconf 83' lang='lat' dir='ltr'><strong>parlim</strong></span> <span class='ocrx_word' id='word_1_443' title='bbox 1157 4562 1191 4612; x_wconf 83' lang='lat' dir='ltr'>ub</span> <span class='ocrx_word' id='word_1_444' title='bbox 1211 4560 1325 4610; x_wconf 79' lang='lat' dir='ltr'><strong>Hermia</strong></span> 
     </span>
     <span class='ocr_line' id='line_1_40' title="bbox 212 4631 1324 4704; baseline -0.007 -14"><span class='ocrx_word' id='word_1_445' title='bbox 212 4642 392 4704; x_wconf 67' lang='lat' dir='ltr'>praenuntiata</span> <span class='ocrx_word' id='word_1_446' title='bbox 412 4639 473 4702; x_wconf 83' lang='lat'>9‚9</span> <span class='ocrx_word' id='word_1_447' title='bbox 536 4638 635 4702; x_wconf 77' lang='grc' dir='ltr'>Ῑέκαί]</span> <span class='ocrx_word' id='word_1_448' title='bbox 655 4639 697 4704; x_wconf 73' lang='grc' dir='ltr'>ἢί</span> <span class='ocrx_word' id='word_1_449' title='bbox 762 4638 791 4689; x_wconf 78' lang='grc'>15</span> <span class='ocrx_word' id='word_1_450' title='bbox 812 4642 855 4690; x_wconf 85' lang='grc' dir='ltr'>τοῦ</span> <span class='ocrx_word' id='word_1_451' title='bbox 879 4652 935 4688; x_wconf 87' lang='lat' dir='ltr'>om.</span> <span class='ocrx_word' id='word_1_452' title='bbox 958 4638 986 4688; x_wconf 89' lang='lat' dir='ltr'>M</span> <span class='ocrx_word' id='word_1_453' title='bbox 1051 4635 1081 4686; x_wconf 84' lang='lat'>16</span> <span class='ocrx_word' id='word_1_454' title='bbox 1101 4637 1129 4685; x_wconf 87' lang='grc' dir='ltr'>τίι</span> <span class='ocrx_word' id='word_1_455' title='bbox 1149 4631 1263 4700; x_wconf 80' lang='grc' dir='ltr'>έραστδν]</span> <span class='ocrx_word' id='word_1_456' title='bbox 1282 4634 1324 4683; x_wconf 72' lang='grc' dir='ltr'>τὀν</span> 
     </span>
     <span class='ocr_line' id='line_1_41' title="bbox 213 4705 1325 4784; baseline -0.009 -21"><span class='ocrx_word' id='word_1_457' title='bbox 213 4711 316 4779; x_wconf 82' lang='grc' dir='ltr'>έραστὴν</span> <span class='ocrx_word' id='word_1_458' title='bbox 336 4712 364 4762; x_wconf 90' lang='grc' dir='ltr'><strong>Μ</strong></span> <span class='ocrx_word' id='word_1_459' title='bbox 428 4711 458 4762; x_wconf 83' lang='grc'>17</span> <span class='ocrx_word' id='word_1_460' title='bbox 472 4709 596 4775; x_wconf 80' lang='grc' dir='ltr'>τειάσθαιΙ</span> <span class='ocrx_word' id='word_1_461' title='bbox 610 4711 725 4777; x_wconf 84' lang='grc' dir='ltr'>τετάχθαι</span> <span class='ocrx_word' id='word_1_462' title='bbox 740 4713 799 4760; x_wconf 69' lang='lat' dir='ltr'>Asu·</span> <span class='ocrx_word' id='word_1_463' title='bbox 862 4710 893 4760; x_wconf 82' lang='grc'>18</span> <span class='ocrx_word' id='word_1_464' title='bbox 906 4708 1008 4784; x_wconf 77' lang='grc' dir='ltr'>ὑπάρχῃ</span> <span class='ocrx_word' id='word_1_465' title='bbox 1023 4711 1036 4758; x_wconf 92' lang='grc' dir='ltr'>ό</span> <span class='ocrx_word' id='word_1_466' title='bbox 1051 4710 1125 4772; x_wconf 80' lang='grc' dir='ltr'>λόγος</span> <span class='ocrx_word' id='word_1_467' title='bbox 1141 4705 1169 4754; x_wconf 89' lang='grc' dir='ltr'><em>Μ</em></span> <span class='ocrx_word' id='word_1_468' title='bbox 1233 4705 1325 4762; x_wconf 78' lang='grc' dir='ltr'>παντὸς</span> 
     </span>
     <span class='ocr_line' id='line_1_42' title="bbox 212 4773 1294 4846; baseline -0.01 -12"><span class='ocrx_word' id='word_1_469' title='bbox 212 4796 267 4834; x_wconf 90' lang='lat' dir='ltr'>um.</span> <span class='ocrx_word' id='word_1_470' title='bbox 284 4783 312 4832; x_wconf 85' lang='lat' dir='ltr'>ll</span> <span class='ocrx_word' id='word_1_471' title='bbox 328 4783 412 4846; x_wconf 78' lang='lat' dir='ltr'><strong>[uude</strong></span> <span class='ocrx_word' id='word_1_472' title='bbox 424 4783 501 4835; x_wconf 79' lang='grc' dir='ltr'>αὑτοῦ</span> <span class='ocrx_word' id='word_1_473' title='bbox 515 4794 563 4846; x_wconf 88' lang='lat' dir='ltr'>pro</span> <span class='ocrx_word' id='word_1_474' title='bbox 577 4785 621 4835; x_wconf 82' lang='grc' dir='ltr'>τοῦ</span> <span class='ocrx_word' id='word_1_475' title='bbox 636 4781 742 4846; x_wconf 79' lang='lat' dir='ltr'><strong>scripsit</strong></span> <span class='ocrx_word' id='word_1_476' title='bbox 754 4783 822 4844; x_wconf 78' lang='lat' dir='ltr'><strong>Asu)</strong></span> <span class='ocrx_word' id='word_1_477' title='bbox 886 4780 917 4831; x_wconf 81' lang='lat'>20</span> <span class='ocrx_word' id='word_1_478' title='bbox 934 4783 1010 4832; x_wconf 70' lang='grc' dir='ltr'>εἰπεῖν</span> <span class='ocrx_word' id='word_1_479' title='bbox 1025 4782 1085 4842; x_wconf 83' lang='lat' dir='ltr'><strong>posi</strong></span> <span class='ocrx_word' id='word_1_480' title='bbox 1098 4779 1178 4829; x_wconf 76' lang='grc' dir='ltr'>καλοῦ</span> <span class='ocrx_word' id='word_1_481' title='bbox 1193 4773 1294 4827; x_wconf 84' lang='lat' dir='ltr'><strong>seclusi</strong></span> 
     </span>
    </p>
   </div>
   <div class='ocr_carea' id='block_1_8' title="bbox 0 0 1789 5686">
    <p class='ocr_par' dir='ltr' id='par_1_17' title="bbox 0 0 1789 5686">
     <span class='ocr_line' id='line_1_43' title="bbox 0 0 1789 5686; baseline 0 0"><span class='ocrx_word' id='word_1_482' title='bbox 0 0 1789 5686; x_wconf 95' lang='lat' dir='ltr'> </span> 
     </span>
    </p>
   </div>
  </div>
 </body>
</html>
