3538 5686
637 515 882 568 PROLEGOMENA
1294 519 1321 552 ¹¹

201 692 384 770 Eutliypliro,
415 693 508 764 Crito,
527 692 684 767 Apologia,
702 688 928 745 Pliaedruscum
957 683 1097 754 Haemi,
1128 681 1322 739 Parmenides

201 819 270 857 cum
283 798 426 867 Paucum,
445 795 608 854 Xlibridc
627 793 802 872 Republica,
838 789 1017 866 Conuiuium,
1049 789 1174 847 Timaeus
1197 792 1319 858 Locrus,

201 899 272 966 dein
299 907 335 985 pp
353 905 416 984 96¹)
447 907 650 984 fragmentum
676 902 823 961 ineditum
847 899 966 959 Nicolai
992 894 1195 960 mathematici
1217 913 1322 952 recen-

200 1013 314 1072 tissimi
336 1025 366 1071 et
385 1011 423 1092 (i0
447 1009 526 1090 301¹)
552 1009 684 1090 epistula
705 1008 831 1088 Lysidis
852 1006 1067 1086 pythagorica.
1097 1001 1322 1081 Prolegomeua

202 1121 334 1182 Hermiae
346 1123 384 1180 ad
398 1121 557 1179 Phaedrum
569 1119 640 1177 inde
656 1137 673 1176 a
688 1119 710 1176 t*
730 1119 779 1176 17⁹
793 1117 950 1196 leguntur,
980 1114 1090 1174 deinde
1116 1110 1233 1171 scholia
1254 1129 1321 1189 quae

200 1228 329 1309 proprie
346 1227 492 1287 dicuntur
506 1226 622 1284 circum
632 1235 748 1283 textum
759 1221 953 1283 Platonicum
970 1220 1125 1299 exscripta
1140 1230 1211 1276 suut
1222 1235 1321 1294 usque

121 1375 124 1380 ·
199 1340 237 1398 ad
254 1340 310 1397 sum
319 1339 381 1396 93‘.
395 1335 522 1394 Textum
536 1347 566 1393 et
577 1333 693 1394 scholia
702 1335 809 1394 eodem
824 1346 963 1412 tempore
974 1329 1142 1410 descripsit
1153 1326 1320 1389 librarius:

201 1465 269 1504 nam
283 1443 402 1504 curavit
417 1455 451 1502 ut
463 1442 719 1523 quotiescumque
735 1441 786 1500 itta
799 1439 1066 1519 longioraesseut,
1079 1457 1193 1519 paucas
1204 1448 1320 1495 tantum

201 1550 341 1610 Platonis
362 1550 459 1609 lineas
487 1549 518 1607 in
545 1548 645 1608 media
668 1547 782 1627 pagiua
797 1547 959 1622 scriberet,
990 1545 1032 1603 ita
1057 1555 1090 1603 ut
1110 1544 1173 1602 iere
1197 1562 1322 1622 semper

202 1659 298 1717 verba
311 1668 341 1716 et
354 1658 520 1717 verborum
536 1653 750 1736 interpretatio
773 1653 804 1712 in
819 1653 924 1712 eadem
939 1651 1052 1731 pagiua
1076 1650 1265 1729 legerentur.
1282 1683 1322 1693 -

201 1765 264 1825 Sed
279 1785 348 1824 cum
359 1764 538 1824 humiditate
554 1763 602 1822 vel
617 1762 723 1822 nescio
743 1781 803 1841 qua
824 1760 883 1820 alia
897 1779 989 1818 causa
1004 1757 1154 1840 cujusque
1184 1756 1249 1816 solii
1267 1777 1321 1816 su-

199 1875 309 1956 perior
323 1887 353 1934 et
368 1874 504 1933 exterior
517 1893 590 1953 pars
604 1873 645 1932 ita
660 1884 807 1951 corrupta
820 1883 903 1928 esset
918 1881 951 1929 ut
970 1869 1080 1928 littera·
1097 1869 1160 1928 sere
1187 1886 1320 1948 prorsus

201 1997 308 2043 esseut
321 1984 467 2053 evanida,
483 1983 583 2042 lector
604 1982 729 2062 quidam
745 1979 914 2039 benevolus
929 1998 982 2037 eas
997 1978 1136 2058 nigriore
1150 1988 1320 2037 atramento

200 2093 310 2152 reiecit
327 2115 333 2149 :
349 2092 399 2150 ille
421 2104 520 2151 autem
546 2090 686 2171 pristine
720 2089 881 2168 scripturae
905 2087 1048 2166 vestigia,
1070 2107 1138 2144 cum
1164 2086 1320 2162 etiamtum

200 2200 402 2280 apparebant,
429 2198 503 2258 satis
527 2209 597 2277 apte
622 2209 747 2255 secutus
775 2208 832 2266 est,
858 2193 911 2253 ubi
938 2193 1014 2252 nihil
1032 2191 1096 2274 jam
1120 2191 1319 2272 perspicuum

201 2318 278 2380 erat,
294 2324 310 2362 e
326 2324 419 2364 sensu
435 2303 592 2385 supplevit
602 2304 669 2383 ipse
686 2315 719 2361 ut
728 2302 828 2382 potuit
841 2325 847 2359 :
859 2321 928 2359 nam
943 2321 979 2360 ex
989 2299 1093 2358 multis
1103 2299 1228 2377 ineptiis
1243 2318 1320 2378 quas

201 2410 335 2488 Hermia¹
376 2411 472 2469 textui
501 2410 671 2468 introduxit
700 2411 892 2469 manifestum
916 2421 963 2468 est
991 2428 1060 2467 eum
1082 2407 1198 2467 nullum
1227 2406 1319 2466 alium

200 2519 338 2578 codicem
361 2518 564 2582 adhibuisse&
592 2517 692 2597 Hujus
720 2519 846 2578 lectoris
873 2519 1017 2598 anonymi
1045 2538 1152 2577 manus
1179 2516 1241 2577 xvt¹
1269 2530 1321 2576 aut

199 2623 275 2684 xvrt¹
292 2625 394 2684 saeouli
403 2625 525 2685 videtur
536 2645 622 2697 esse;
636 2638 720 2685 certe
726 2624 789 2706 jam
800 2625 900 2684 omnia
910 2645 976 2704 quas
992 2625 1190 2704 possidemus
1202 2625 1320 2684 codicis

199 2729 227 2790 Α
246 2732 426 2811 apographa
438 2733 595 2812 descripta
611 2747 716 2792 eraut:
732 2753 800 2792 uam
816 2731 932 2791 nullum
947 2751 998 2790 eas
1014 2751 1091 2811 quas
1108 2731 1171 2790 dixi
1187 2731 1320 2810 ineptias

198 2841 329 2918 praebet.
344 2839 428 2899 Raro
444 2842 501 2898 sub
514 2851 683 2898 atramento
698 2837 861 2918 dijudicari
876 2851 979 2917 potest
1001 2858 1068 2917 quae
1090 2839 1179 2918 prius
1204 2839 1321 2920 scripta

199 2946 315 3005 suerint
330 2969 336 3004 :
354 2948 438 3026 quod
459 2946 644 3026 ubicumque
659 2946 726 3005 fieri
744 2965 805 3003 non
822 2956 954 3025 poterat,
972 2965 1047 3003 usus
1061 2965 1129 3004 sum
1145 2944 1225 3024 siglo
1244 2943 1318 3025 (N),

199 3073 236 3112 nc
253 3053 325 3110 huic
340 3052 464 3112 lectioni
475 3055 580 3113 eadem
595 3053 672 3111 fides
683 3072 761 3130 quae
777 3053 897 3132 reliquo
913 3052 1012 3111 codici
1028 3052 1233 3125 tribueretur3
1251 3072 1319 3110 cum

198 3171 299 3217 autem
314 3155 556 3239 priorisllibrarii
568 3158 724 3237 scriptura
732 3157 830 3217 adhuc
845 3157 907 3237 legi
916 3171 1049 3239 poterat,
1062 3158 1188 3217 lectoris
1198 3178 1319 3218 manum

198 3267 280 3346 siglo
294 3266 335 3347 (a)
349 3267 530 3347 significavi.
547 3301 586 3312 -
600 3265 631 3324 F¹
647 3267 701 3326 46*
719 3267 822 3326 infima
836 3286 911 3346 pars
932 3280 962 3326 et
976 3280 1072 3326 totum
1091 3269 1144 3325 fum
1160 3267 1210 3326 47¹
1223 3287 1319 3327 vacua

198 3387 270 3434 suut
283 3375 365 3454 quia,
382 3387 414 3434 ut
430 3372 609 3433 Scuuuztus
634 3371 777 3454 conjecit,
794 3374 826 3432 in
851 3374 1017 3455 exemplari
1033 3374 1180 3434 nonnulla
1195 3374 1317 3435 interci-

198 3483 331 3540 derant:
359 3499 465 3539 omnes
495 3499 580 3550 vero,
612 3481 696 3559 quod
726 3479 831 3553 sciam,
873 3479 995 3538 codices
1027 3483 1161 3538 eamdem
1184 3481 1320 3559 praebent

198 3589 349 3656 lacunam,
379 3586 428 3644 vel
455 3585 560 3665 aliquo
592 3586 641 3645 vel
669 3585 754 3644 nullo
788 3585 889 3665 spatio
918 3586 1027 3645 relicto
1057 3586 1138 3667 (vid.
1171 3588 1252 3646 inira
1279 3589 1318 3648 ad

198 3712 272 3773 pag.
292 3694 347 3751 117
363 3692 436 3755 edit.
453 3691 613 3771 Astianae).

139 3805 155 3852 Β
239 3798 272 3855 2⁰
286 3803 359 3856 Por.
370 3799 445 3858 1825
455 3798 507 3880 (B)
518 3798 615 3858 chart.
628 3799 704 3858 in-to
717 3797 779 3858 xv1¹
794 3797 909 3871 saeculi;
926 3799 999 3859 olim
1009 3798 1072 3860 Jac.
1089 3798 1170 3881 Aug.
1186 3800 1316 3875 Thuaui,

198 3905 309 3964 deiude
322 3903 535 3977 Colbertiuus,
549 3905 648 3964 solum
665 3905 824 3965 Hermiam
840 3907 1014 3978 continens,
1037 3906 1203 3987 ineleganti
1226 3928 1318 3967 manu

200 4013 346 4092 scriptus.
365 4010 525 4072 Pessimus
541 4013 637 4072 codex
660 4012 778 4072 mendis
795 4014 940 4087 refertus,
957 4034 1087 4093 quarum
1099 4031 1199 4074 tamen
1223 4035 1317 4094 quas-

199 4121 267 4181 dam
283 4124 418 4182 secunda
429 4143 536 4183 manus
552 4143 589 4182 ex
600 4122 727 4182 meliore
744 4123 912 4202 exemplari
925 4123 1071 4184 correxit.

140 4233 156 4280 G
237 4230 271 4288 3⁰
293 4233 366 4288 Por.
386 4228 463 4288 1826
478 4227 528 4310 (C)
546 4227 642 4288 chart.
660 4230 734 4288 iu-i⁰
749 4228 811 4289 xvr'
827 4230 942 4308 saeculi,
954 4231 1027 4290 olim
1042 4229 1113 4290 Joh.
1132 4230 1210 4290 Huc.
1224 4230 1317 4291 Bois-

201 4333 319 4402 tallerii,
338 4335 437 4394 solum
460 4334 616 4395 Hermiam
633 4336 795 4394 continens
818 4355 835 4395 a
853 4335 993 4395 Johanne
1012 4337 1184 4397 Murmurio
1209 4337 1251 4416 (td
1270 4352 1317 4398 est

201 4438 453 4522 Peloponnesio),
485 4440 622 4501 Cornelii
636 4454 670 4501 ut
680 4442 803 4501 videtur
818 4444 923 4514 fratre,
939 4463 1020 4502 anno
1044 4445 1119 4502 1561
1135 4464 1172 4502 ex
1191 4443 1317 4522 antiquo

231 4681 253 4730 1.
271 4681 311 4733 et.
327 4683 442 4739 Scatrae,
454 4683 505 4732 loc.
521 4683 593 4733 laud.
607 4698 698 4749 supra,
713 4698 742 4748 p.
759 4683 802 4734 Vi.
