3660 5686
397 546 443 597 104
778 535 918 586 ΕΡΜΕΙΟΥ
939 537 1134 586 ΦΙΛΟΣΟΦΟΥ

299 699 363 764 11151
398 692 425 748 Εἰ
441 690 487 749 οῦν
506 689 549 748 ὑπ’
564 688 674 754 οὐδενὸς
696 690 843 771 φθείρεται,
864 695 923 753 πῶς
947 689 977 747 άν
1000 690 1097 759 ἑαυτὴν
1116 691 1248 772 φθείρειεν
1267 690 1334 762 αῦτὴ
1354 692 1431 769 πηγὴ
1453 689 1518 747 οὖσα

398 791 485 866 ζωῆς
506 787 588 846 ’Ὥστε
608 788 674 867 ὅπερ
693 785 797 869 ἐ’φαμεν
817 789 941 868 ἑκάτερος
959 794 1013 844 τῶν
1030 788 1120 868 λόγων
1137 789 1215 854 αὐτὸς
1231 788 1290 846 καθ’
1305 789 1400 845 ἑαυτὸν
1414 788 1519 855 τέλειός

397 888 464 960 ἐστι,
478 889 611 968 περιέχων
627 887 654 944 έν
672 887 759 962 ἐαυτΐμ
772 887 818 942 καί
834 887 880 943 τὸν
896 885 1004 956 λοιπὸν,
1022 886 1173 968 ἑκφαίνεται
1187 886 1215 944 δὲ
1229 888 1275 944 καί
1289 887 1519 967 χαρακτηρίζεται

395 989 409 1043 θ
427 988 475 1061 μέν
488 992 527 1060 τῷ
543 986 585 1042 ὅτι
599 985 642 1066 ὑφ’
657 987 753 1056 ἑαυτῆς
768 991 799 1041 οῦ
812 985 961 1065 φθείρεται,
978 986 992 1041 ὃ
1007 984 1035 1042 δέ
1049 991 1088 1061 τῷ
1103 986 1145 1042 ὅτι
1160 984 1216 1043 οὐδ’
1227 985 1271 1042 ὑπ’
1285 983 1382 1046 άλλου,
1396 1020 1435 1030 -
1450 987 1517 1065 Πρά-

348 1092 362 1140 5
394 1105 471 1162 τερον
487 1082 516 1138 δὲ
530 1083 611 1146 αὐτάς
627 1079 707 1157 ψιλάς
724 1081 867 1157 ἐκθώμεθιι
885 1087 940 1139 τῶν
960 1082 1155 1162 συλλογισμῶν
1170 1085 1219 1147 τάς·
1230 1084 1374 1162 προτάσεις
1391 1083 1418 1141 ὲν
1433 1081 1516 1155 τάξει,

395 1173 487 1252 ἐπειδὴ
508 1178 645 1260 σποράδην
666 1179 747 1243 αῦτάς
768 1182 782 1236 ὁ
802 1176 918 1235 Πλάτων
938 1176 1053 1246 ἐξέθετο.
1071 1179 1099 1236 ‘0
1115 1181 1164 1255 μέν
1184 1179 1229 1237 οῦν
1248 1181 1377 1260 πρότερος
1396 1181 1517 1244 τοιοῦτός

394 1280 473 1338 ἐστιν·
498 1283 515 1351 ἡ
541 1281 616 1362 ψυχὴ
643 1279 833 1352 αῦτοκίνητος·
858 1279 888 1334 τὸ
913 1278 1088 1352 αῦτοκίνητον
1114 1279 1280 1351 ἀεικίνητον·
1306 1279 1336 1336 τὸ
1364 1279 1518 1352 ἀεικίνητον

394 1379 536 1436 ἀθάνατον·
560 1381 577 1450 ἡ
600 1379 676 1460 ψυχὴ
698 1376 747 1458 άρα
769 1377 909 1442 ἀθάνατος.
930 1379 1014 1442 Οῦτος
1035 1376 1081 1434 οῦν
1101 1382 1169 1452 ἡμῖν
1193 1373 1274 1445 δείξει
1293 1379 1307 1434 ὁ
1328 1378 1411 1457 λόγος
1430 1378 1471 1435 δτι
1491 1373 1519 1444 ἐξ

393 1478 492 1548 ἐαυτῆς
513 1477 543 1533 οὐ
561 1477 706 1556 φθείρεται.
726 1474 800 1548 <Ὀ
816 1473 844 1531 δέ
864 1468 987 1554 δεῦτερος
1003 1479 1211 1548 ’τοιοῦτος->ἡ
1231 1479 1306 1557 ψυχὴ
1326 1476 1515 1548 αὐτοκίνητος·

331 1581 361 1629 10
392 1575 424 1631 τὸ
440 1573 619 1646 αὐτοκίνητον
631 1574 703 1654 ἀρχή
718 1577 865 1645 κινήσεως·
881 1576 898 1643 ἡ
914 1573 987 1654 ἀρχὴ
1003 1582 1053 1644 τῆς
1068 1576 1201 1645 κινήσεως
1215 1572 1358 1652 ἀγένητος·
1374 1574 1406 1631 τὸ
1421 1575 1517 1653 άγένη-

393 1693 440 1727 τον
456 1669 599 1751 ἄφθαρτον·
616 1673 647 1728 τὸ
663 1670 797 1752 άφθαρτον
813 1671 956 1727 άθάνατον·
973 1675 991 1743 ἡ
1007 1673 1083 1751 ψυχὴ
1099 1669 1150 1750 ἄρα
1164 1671 1306 1734 ἀθάνατος.
1320 1671 1401 1735 οῦτος
1413 1673 1427 1728 ῦ
1437 1669 1518 1749 λόγος

394 1765 471 1834 δείξει
491 1770 560 1842 ἡμῖν
580 1767 622 1823 ὅτι
641 1765 698 1823 οὐδ’
719 1764 762 1823 ὑπ’
782 1763 868 1823 άλλου
889 1766 960 1829 τινὸς
981 1767 1148 1846 φθείρεταιὴ
1164 1768 1250 1847 ψυχή.
1267 1801 1306 1810 -
1325 1767 1390 1846 Περί
1408 1767 1455 1842 μέν
1470 1767 1517 1825 οῦν

393 1873 442 1936 τῆς
458 1863 589 1936 ἀληθείας
604 1869 659 1920 τῶν
675 1863 833 1939 λημμάτων
848 1863 875 1919 ἐν
890 1869 949 1928 τοῖς
969 1865 1108 1938 ἑπομένοις
1127 1857 1244 1944 άκριῦιῦς
1260 1863 1374 1943 ἐροῦμεν
1389 1866 1420 1921 τὸ
1433 1865 1517 1942 ῥητὸν

393 1963 599 2043 σαφηνίζοντες·
621 1968 668 2020 νῦν
684 1961 713 2019 δέ
731 1965 781 2034 τὴν
800 1962 913 2041 πρώτην
930 1963 975 2018 καί
993 1963 1088 2033 κοινὴν
1105 1968 1158 2019 τῶν
1175 1961 1222 2019 δύο
1237 1960 1430 2041 συλλογισμῶν
1448 1963 1517 2044 πρό-

331 2070 362 2120 15
395 2083 483 2130 τοισιν,
497 2063 546 2132 τὴν
561 2061 691 2140 λέγουσαν
709 2086 721 2116 ιι
739 2064 757 2133 ἡ
771 2062 846 2142 ψυχή
860 2061 1034 2134 αὖτοκίνητος
1051 2085 1077 2133 ο,
1093 2063 1152 2132 ἡνό
1167 2061 1282 2119 Πλάτων
1295 2059 1455 2118 τελευταίαν
1469 2067 1516 2118 τοῦ

392 2161 492 2224 παντὸς
507 2158 591 2238 λόγου
607 2159 757 2230 έκθήσεται,
772 2162 855 2233 ἡμεῖς
870 2159 954 2228 αὐτὴν
971 2157 1012 2238 ἐφ’
1028 2160 1124 2231 ἒαυτὴς
1140 2155 1380 2232 ἀποδιαλαῦόντες,
1396 2162 1516 2239 περὶτοῦ

394 2257 569 2329 αὐτοκινήτου
589 2257 763 2332 σκεψώμεθα,
785 2256 859 2320 θ’πως
880 2257 988 2337 πρῶτόν
1006 2256 1061 2313 ἐστι
1081 2262 1135 2312 τῶν
1156 2257 1332 2331 κινουμένων,
1356 2255 1448 2327 ἐπειδὴ
1470 2258 1516 2314 καί

392 2357 453 2436 περὶ
472 2359 520 2412 τοῦ
537 2355 606 2412 εἶναι
625 2354 697 2419 θ’λως
716 2355 781 2411 αὐτὸ
802 2354 856 2435 οῦχ
872 2356 886 2410 θ
905 2354 997 2435 τυχὼν
1014 2355 1081 2434 ἀνὴρ
1095 2351 1317 2435 ἡμφισῦήτησεν.
1334 2354 1413 2418 Ἴσως
1429 2352 1458 2411 δὲ
1473 2357 1515 2412 εῦ-

393 2455 535 2531 ρεθήσεται
549 2452 616 2509 ὅπου
631 2450 693 2508 οῦδὲ
704 2449 882 2532 διαφωνοῦσιν
896 2454 922 2508 οί
937 2450 1091 2533 φιλόσοφοι,
1109 2453 1158 2510 Καὶ
1174 2454 1225 2532 γάρ
1241 2455 1255 2509 ῦ
1269 2453 1317 2528 μἐν
1330 2451 1517 2533 Ἀριστοτέλης

329 2559 361 2608 20
392 2551 439 2615 τάς
457 2552 615 2625 σωματικάς
634 2551 721 2615 πάσας
740 2553 856 2622 κινήσεις
877 2549 969 2607 άνείλι
987 2557 1038 2622 τῆς
1058 2553 1161 2631 ψυχῆς,
1183 2551 1249 2628 ὅπερ
1270 2551 1315 2606 καί
1327 2554 1411 2625 ἡμεῖς
1427 2572 1516 2632 φαμεν

393 2645 579 2718 ἀληθέστατον
594 2648 672 2718 εἶναι,
689 2650 703 2704 ὁ
719 2645 748 2703 δέ
766 2645 882 2703 Πλάτων
900 2653 992 2728 σαφῶς
1012 2645 1098 2712 άλλας
1114 2649 1181 2704 εἶναι
1195 2649 1243 2712 τάς
1260 2657 1311 2719 τῆς
1329 2651 1421 2728 ψυχῆς
1438 2652 1515 2721 κινή-

393 2768 447 2810 σεις
461 2748 534 2825 παρὰ
548 2747 637 2809 πάσας
657 2747 704 2811 τάς
721 2746 875 2820 σωματικάς
894 2746 1080 2826 ἀποφαίνεται·
1098 2747 1164 2826 φησὶ
1177 2747 1229 2825 γάρ
1246 2745 1327 2820 ἐντῷ
1343 2744 1447 2820 δεκάτῳ
1461 2753 1515 2803 τῶν

383 2845 522 2919 ,Νόμων
541 2868 554 2898 ιι
572 2841 646 2922 άγει
665 2845 723 2918 μὶν
743 2841 779 2913 δή
796 2845 884 2924 ψυχὴ
905 2843 1147 2902 πάντατάκατ’
1161 2843 1302 2922 οὐρανὸν
1318 2847 1371 2900 καί
1385 2853 1448 2924 γῆν
1462 2845 1515 2901 καί
1578 2859 1580 2862 ’

394 2939 562 2999 θάλατταν
586 2949 658 3006 ταῖς
684 2943 803 3012 ἑαυτῆς
830 2944 1014 3014 κινήσεσιν,
1040 2945 1092 3005 αἶς
1118 2942 1264 3018 ὀνόματά
1289 2942 1357 2998 ἐστι
1383 2942 1515 3020 βούλεσ-

331 3049 361 3098 25
394 3043 462 3112 θαι,
480 3044 690 3114 σκοπεῖσθαι,
713 3039 963 3118 ἐπιμελεῖσθαι,
983 3040 1218 3119 βουλεύεσθαι,
1238 3037 1392 3108 δοξάζειν
1410 3041 1515 3119 ὀρθῶς

393 3138 620 3215 ἐψευσμένως,
640 3141 822 3221 χαίρουσαν
841 3137 1066 3213 λυπουμένην,
1086 3144 1275 3218 θαρροῦσαν
1292 3133 1515 3219 φοῦουμένην,

394 3243 554 3312 μισοῦσαν
578 3238 790 3318 στέργουσαν.
813 3260 827 3292 ν
852 3235 912 3294 ’Ότι
937 3238 985 3312 μέν
1005 3236 1052 3293 οῦν
1075 3232 1130 3292 ἔστι
1154 3258 1194 3300 τις
1220 3237 1291 3317 ιἰρχὴ
1316 3238 1449 3308 κινήσεως
1472 3238 1517 3293 καί

394 3336 461 3408 αῦτη
486 3335 540 3393 έστί
563 3338 593 3392 τὸ
614 3335 791 3408 αὐτοκίνητον
813 3335 935 3392 ἐντεῦθεν
957 3334 1051 3407 δῆλον·
1075 3333 1150 3400 ὄντος
1171 3336 1222 3414 γάρ
1243 3333 1384 3414 προδήλου
1405 3340 1453 3391 τοῦ
1475 3336 1516 3392 ὅτι

393 3431 496 3491 ἔστιτὸ
518 3435 718 3512 έτεροκίνητον,
739 3433 803 3504 ήτοι
820 3433 903 3491 πάλιν
923 3439 1003 3490 τοῦτο
1025 3435 1056 3490 τὸ
1078 3434 1266 3513 έτεροκίνητον
1288 3433 1339 3489 ὑπὸ
1361 3432 1451 3512 ἑτέρου
1471 3435 1516 3489 καὶ

241 3569 244 3576 -
332 3539 362 3590 30
394 3531 475 3588 αὐτοῦ
497 3533 682 3610 ἑτεροκινήτοο
704 3529 778 3595 ’όντος
800 3534 975 3604 κινηθήσεται
993 3533 1038 3588 καί
1057 3531 1142 3588 ἐκεῖνο
1161 3531 1210 3588 ὑπὸ
1227 3529 1314 3589 άλλου
1327 3532 1515 3611 έτεροκινήτου

392 3631 437 3686 καί
451 3630 539 3694 οῦτως
555 3629 597 3686 ἐπ’
613 3627 766 3708 άπειρον,ἡ
786 3629 877 3704 κύκλῳ
897 3627 1010 3701 άλληλα
1029 3631 1132 3701 κινήσει
1152 3631 1184 3686 τά
1204 3630 1378 3710 ίτεροκίνητσ
1393 3629 1462 3686 ὥστε
1484 3631 1514 3687 τὸ

391 3733 499 3807 πρῶτον
517 3729 600 3786 πάλιν
621 3730 671 3786 ὑπὸ
687 3734 734 3785 τοῦ
750 3727 865 3808 ἐσχάτου
880 3731 1017 3804 κινεῖσθαι,
1035 3728 1065 3801 ἡ,
1083 3729 1106 3785 τί
1123 3727 1268 3808 μηδέτερον
1287 3729 1390 3785 τούτων
1405 3726 1515 3785 δυνατὸν

391 3827 568 3906 τῶντρόπων
588 3829 746 3899 ὑποστῆναι,
762 3825 867 3904 ἀνάγκη
883 3826 913 3882 τὸ
930 3825 1106 3898 αὐτοκίνητον
1119 3828 1310 3905 προηγεῖσθαι.
1328 3824 1390 3882 Ὅτι
1406 3827 1455 3901 μέν
1468 3826 1514 3883 οῦν

417 4053 437 4102 ·2
454 4053 546 4117 ’ίφαιεεν
559 4053 615 4110 103,
630 4049 660 4100 23
725 4049 755 4101 19
772 4052 947 4117 Ἀριστοτέλης
961 4051 990 4101 in
1003 4050 1113 4102 Είίιίοίε
1177 4050 1207 4101 23
1223 4051 1284 4115 Iaey.
1303 4051 1328 4102 X
1341 4051 1388 4102 896
1405 4052 1428 4102 E

425 4188 485 4238 TIT
508 4186 671 4254 mmm-514
693 4182 817 4250 δοκοῦσης
839 4191 973 4253 διαφωνίας
999 4190 1189 4256 Ἀριστοτέλους
1210 4192 1253 4240 καί
1275 4188 1412 4249 Πλάτωνος
1433 4193 1458 4242 ίν
1478 4199 1513 4259 τῷ

392 4262 513 4310 κινεῖσθαι
526 4259 570 4332 τὴν
586 4257 670 4325 ψυχὴν
685 4256 705 4309 C
768 4257 799 4307 22
815 4260 878 4316 τίνες
890 4258 1001 4323 κινήσεις
1017 4263 1099 4326 ψυχῆς
1115 4259 1180 4311 κατά
1195 4259 1319 4310 Πλάτωνα
1332 4261 1353 4309 C

423 4393 471 4444 NC
491 4395 506 4443 θ
525 4399 553 4444 et
570 4393 584 4443 7
603 4397 654 4446 ἐστὶ
673 4399 697 4444 Α
762 4397 829 4463 αὐτῷ
850 4395 878 4444 Μ
943 4395 996 4458 τὸν]
1015 4396 1043 4445 τὸ
1064 4395 1091 4444 Μ
1157 4395 1280 4461 ῦαῦτάς]
1302 4394 1334 4447 αὖ
1355 4397 1398 4456 τάς
1420 4397 1450 4447 Μ

390 4463 498 4528 θαῦτὴς
519 4465 546 4514 M
612 4469 673 4515 θ-
691 4468 803 4524 τοιοῦτος
822 4464 914 4515 addidi
936 4463 1007 4513 016
1070 4463 1101 4514 15
1122 4468 1246 4531 λέγουσαν
1266 4466 1302 4517 δτι
1322 4465 1351 4515 Μ
1416 4468 1446 4516 16
1467 4468 1513 4534 ίφΊ

391 4535 432 4600 ἀφ’
454 4535 482 4584 Μ
502 4535 614 4593 00100.
635 4535 665 4586 29
728 4537 759 4587 19
780 4535 847 4601 οὐδὲ]
867 4536 897 4587 οῦ
919 4536 947 4585 M
1013 4534 1044 4585 20
1067 4536 1146 4601 φαμέν
1168 4539 1192 4586 Α
1255 4537 1286 4587 22
1308 4539 1425 4602 σωματῦν
1447 4551 1463 4588 a
1484 4549 1514 4594 ut

390 4606 498 4658 videtur
559 4607 590 4658 20
606 4607 734 4659 θάλασσαν
753 4607 781 4656 Μ
846 4605 877 4656 26
895 4608 1039 4674 θάρσονσαν
1060 4607 1089 4657 Μ
1153 4607 1184 4658 28
1203 4609 1255 4660 ἔστι
1271 4609 1310 4673 τὸ]
1332 4609 1449 4660 ’έστινΑι

389 4677 420 4744 29
435 4675 490 4744 ήτοι
503 4677 576 4730 πάλιν
590 4681 663 4730 τοῦτο
678 4691 732 4728 om.
749 4677 787 4730 M.
805 4677 932 4728 sedante
949 4679 997 4729 ὑπὸ
1012 4678 1074 4728 add.
1087 4682 1160 4735 τοῦτο
1174 4679 1190 4744 ή
