3538 5686
567 1271 829 1352 APPENDIX

441 1482 495 1540 DE
518 1479 664 1540 conten
688 1481 785 1540 PAR.
812 1479 882 1539 1810
905 1485 955 1546 (Α)

193 1818 224 1876 ln
243 1815 341 1896 primo
364 1817 504 1876 folionum
525 1817 738 1876 additiciorum
760 1817 847 1876 initio
865 1818 981 1877 codicis
1004 1841 1011 1876 ε
1033 1817 1089 1876 τίδ’
1109 1817 1195 1877 ἔνεστι
1215 1821 1259 1879 ἐν-

151 1923 218 1982 θάδε·
242 1924 247 2002 Ι
271 1922 414 1986 Πλάτωνος
436 1919 591 2002 Εὐθύφρων,
612 1921 630 1992 ίΙ
649 1923 774 2000 περὶτοῦ
794 1922 881 1978 ίσίου·
908 1921 912 2000 Ι
936 1929 984 1978 τοῦ
1005 1922 1086 1979 αὐτοῦ
1106 1923 1220 2004 Κρίτων,
1240 1926 1257 1996 ἢ

151 2043 344 2120 περίπραατοῦ·
361 2039 498 2116 ἀπολογία
514 2040 684 2118 Σωκράτους·
710 2039 714 2118 Ι
740 2037 866 2118 ΙΕρμείου
885 2038 1044 2122 φιλοσόφου,
1066 2041 1103 2105 είς
1122 2035 1167 2097 τίν
1188 2040 1260 2096 1]λᾶ-

152 2169 231 2210 τωνος
245 2143 376 2225 Φαῖδρον,
390 2143 502 2224 σχίλια,
519 2143 546 2200 ἐν
563 2139 681 2220 βιθλίοις
697 2145 734 2222 γ’·
755 2143 760 2222 Ι
794 2142 917 2223 Πρόκλου
932 2142 1060 2224 διαδόχου
1076 2139 1203 2222 ἐξήγησις
1220 2144 1259 2208 είς

152 2257 194 2312 τὸν
210 2253 386 2334 Παρμενίδην,
406 2253 432 2310 ἐν
454 2248 573 2331 βιθλίοις
594 2251 626 2320 ζ’·
648 2253 652 2332 Ι
671 2251 812 2328 Πλάτωνος
830 2252 967 2328 πολιτεία,
986 2248 1076 2330 βιὸλία
1096 2251 1170 2310 δέκα·
1190 2251 1195 2331 Ι
1212 2259 1260 2310 τοῦ

153 2361 227 2418 αὐτοϋ
246 2361 403 2436 συμπόσιον,
427 2359 444 2430 ἢ
466 2361 528 2440 περὶ
548 2357 656 2438 ἔρωτος.
682 2359 773 2418 Manu
794 2358 874 2438 Ang.
898 2358 1034 2440 Vergetii
1058 2361 1109 2438 Ιοί.
1134 2359 1259 2432 Omont,

156 2467 329 2548 Cataiogues
345 2469 400 2526 des
417 2487 492 2528 mss,
509 2485 600 2546 green
616 2468 653 2525 de
669 2465 920 2540 Fontainebleau,
938 2489 969 2548 p.
990 2466 1069 2544 134).

188 2573 222 2632 F⁰
233 2576 247 2631 1
259 2598 265 2632 :
280 2573 309 2632 hi
320 2574 397 2632 varii
413 2573 532 2632 numeri
544 2597 549 2630 :
563 2591 690 2647 ccccm,
701 2573 769 2646 487,
780 2575 828 2632 2οί
841 2571 895 2655 ΙΟΙ.
907 2610 945 2618 -
958 2575 1105 2640 Πλάτωνος
1119 2575 1262 2654 Εὐθύφρων

151 2682 236 2761 ἢπερὶ
251 2681 325 2738 ὁσίου
341 2681 464 2760 (auhn).
482 2715 520 2725 -
538 2680 586 2740 Ad
606 2681 718 2739 calcem
739 2682 858 2761 paginae
878 2703 989 2742 nomen
1006 2682 1163 2741 Francisci
1179 2682 1262 2741 Asu-

151 2791 216 2849 lani.
237 2825 274 2836 -
296 2789 368 2850 inde
388 2791 543 2870 usquead
563 2791 652 2849 finem
675 2791 745 2850 folia
766 2793 886 2872 signata
908 2793 957 2870 (A,
975 2792 1038 2862 A1,
1057 2792 1137 2864 A2,.
1154 2839 1159 2850 .
1174 2839 1179 2850 .
1197 2793 1261 2863 A8,

152 2897 184 2970 B,
209 2899 326 2971 Β1,...
353 2898 413 2966 Aa,
439 2899 583 2968 nan...
608 2899 755 2979 ppt...
781 2899 869 2981 Pp8,
893 2902 982 2982 Pptt.
1012 2901 1111 2962 Etiam
1137 2917 1261 2982 quater-

152 3003 252 3064 niones
268 3004 380 3084 signati
396 3004 434 3061 ab
449 3000 473 3058 a'
490 3003 551 3081 (bis
568 3003 743 3082 repetitum)
759 3006 797 3064 ad
813 3005 866 3073 λζ’.

188 3105 224 3164 F⁰
243 3109 260 3165 5
279 3130 285 3162 :
309 3107 411 3184 Κρίτων
427 3105 444 3176 ί,
462 3105 524 3183 περί
538 3110 659 3182 πρακτοῦ
676 3106 801 3186 (auhn).

188 3211 222 3271 F⁰
241 3215 260 3272 9
278 3237 284 3271 :
308 3211 459 3290 Ἀπολογία
473 3213 629 3292 Σωκράτους
641 3212 765 3292 (rubin).
780 3213 813 3273 ln
825 3215 880 3274 hac
892 3217 993 3274 omnia
1004 3220 1123 3276 turbata
1134 3232 1263 3297 propter

154 3315 271 3394 paginas
287 3315 495 3384 interversaa;
513 3333 617 3372 verum
639 3314 777 3373 ordinem
799 3314 896 3375 lector
917 3317 1039 3395 quidam
1061 3329 1091 3376 et
1111 3315 1209 3397 signis
1232 3330 1264 3375 et

152 3421 404 3482 admonitionibus
418 3421 563 3480 restituit.
582 3420 682 3479 Pauca
697 3421 727 3479 in
744 3423 881 3502 margine
896 3423 1021 3482 scholia.

188 3523 221 3582 ίίο
242 3526 297 3582 16’
312 3548 320 3582 :
338 3543 476 3582 vacuum.

186 3629 221 3689 ΡΟ
244 3632 278 3690 17
294 3648 301 3689 :
327 3629 451 3708 Ἑρμείου
466 3627 612 3708 φιλοσόφου
627 3631 710 3688 ατί.
729 3629 797 3688 vide
813 3643 992 3709 apparatum
1009 3633 1159 3691 criticum.

186 3737 221 3795 Fe
240 3740 323 3797 93':
351 3737 459 3811 Τιμαίω
481 3741 578 3814 Λοκρῶ
600 3739 659 3815 περίΙ
683 3741 773 3817 ψυχᾶς
797 3739 893 3813 κίσμω
912 3741 956 3795 καί
976 3740 1081 3818 φίσιυς.
1110 3738 1210 3798 Pauca
1234 3740 1263 3797 in

153 3847 279 3928 margine
296 3845 426 3906 scholia.

187 3951 220 4009 F⁰
240 3953 279 4010 96
302 3975 309 4009 :
341 3949 487 4010 Νικολάου,
512 3950 571 4006 Ἐὰν
594 3951 758 4028 ὀρθογωνίου
778 3951 911 4028 τριγώνου
934 3951 982 4024 μία
1002 3955 1056 4007 τῶν
1080 3955 1264 4031 περιεχουσῶν

153 4055 266 4136 πλευρῶν
286 4057 337 4125 τὴν
356 4057 438 4136 ὀρθὴν
456 4054 568 4130 δυνάμει
586 4056 752 4135 τριπλασίων
770 4056 788 4132 ᾖ
807 4066 857 4128 τῆς
879 4057 979 4128 λοιπῆς
1000 4056 1132 4134 Ιτυυτέστι
1150 4054 1210 4130 μεθ’
1229 4061 1263 4127 ἧς

154 4169 265 4249 περιέχει
287 4169 338 4236 τὴν
357 4167 465 4245 ὀρθήν),
486 4164 592 4235 ἔσταιὴ
615 4166 663 4240 μἐν
684 4167 748 4244 ὀρθὴ
768 4167 855 4244 γωνία
873 4164 1003 4240 ἡμιόλιος
1023 4167 1071 4239 μὲν
1091 4174 1141 4237 τῆς
1162 4163 1263 4242 γωνίας

155 4279 182 4348 ἦν
201 4279 337 4338 ὑποτείνει
357 4279 375 4347 ἡ
399 4274 499 4351 μείζων
518 4279 573 4330 τῶν
590 4281 774 4354 περιεχουσῶν
794 4275 843 4344 τὴν
864 4275 958 4354 ὀρθὴν,
978 4275 1146 4355 τριπλασίων
1167 4271 1196 4329 δὲ
1215 4281 1265 4344 τῆς

154 4389 243 4462 γωνίας
262 4391 296 4459 ἣν
320 4385 457 4443 ὑποτείνει
476 4387 494 4454 ἡ
517 4380 637 4440 ἑλίττων
658 4389 712 4440 τῶν
732 4388 915 4463 περιεχουσῶν
935 4386 985 4453 τὴν
1000 4383 1093 4462 δρθῄν·
1110 4382 1178 4451 αὐτὴ
1199 4378 1263 4451 δὶὴ

153 4498 230 4572 γωνία
258 4498 293 4566 ἣν
323 4493 455 4550 ὑποτείνει
480 4495 498 4562 ί,
527 4494 625 4566 μείζων
647 4489 797 4548 διπλασίων
820 4499 870 4562 τῆς
897 4491 997 4568 γωνίας
1025 4493 1059 4562 ἣν
1087 4489 1219 4546 ὑποτείνει
1246 4491 1264 4558 ί,

156 4601 276 4661 ἑλίττων.
292 4634 331 4644 -
349 4599 436 4655 Ἔστω
456 4597 618 4676 ὀρθογώνιον
635 4598 768 4676 τρίγωνον
783 4599 814 4654 τὸ
833 4585 891 4675 ab}
910 4598 991 4676 ίρθήν
1004 4595 1069 4678 ἔχον
1083 4598 1133 4667 τὴν
1148 4595 1214 4674 πρὸς
1228 4599 1265 4671 τῷ

155 4713 291 4792 αγωνίαν,
313 4711 358 4768 καί
380 4707 449 4767 ίστω
470 4711 487 4779 ἡ
508 4695 544 4787 ἶγ
563 4707 675 4783 δυνάμει
693 4706 858 4788 τριπλασίων
876 4714 925 4776 τῆς
945 4728 961 4761 α
986 4751 993 4765 .
1017 4705 1094 4783 ,θίγω
1114 4703 1154 4760 θ’τι
1175 4706 1192 4774 ί,
1217 4704 1265 4777 μἐν

153 4821 208 4898 πρὸς
223 4827 263 4894 τῷ
280 4805 300 4876 ἶ
318 4817 406 4896 γωνία
419 4815 550 4890 ἡμιίλιίς
567 4815 620 4872 ἐστι
634 4823 683 4886 τῆς
699 4813 765 4894 πρὸς
782 4819 819 4891 τῷ
837 4799 871 4890 θ,
895 4811 1062 4892 τριπλασίων
1083 4809 1111 4867 δὲ
1131 4818 1180 4880 τῆς
1201 4809 1265 4888 πρὸς
