3538 5686
429 623 485 676 ΕΙΣ
505 625 567 676 ΤΟΝ
589 623 765 676 amoroz
785 623 927 676 ΦΑΙΔΡΟΝ
950 623 1073 675 ΣΧΟΛΙΔ
1286 637 1302 687 7

124 792 169 860 (62]
192 785 260 844 εἰναι
280 784 445 863 ἀναγκαῖα
468 785 650 860 μαθήματα
667 785 712 842 καί
736 783 843 861 μᾶλλον
865 781 930 842 ὄντα
951 783 984 842 τά
1004 784 1066 864 πρδ
1087 791 1146 857 τῆς
1167 783 1299 865 τέχνης·

190 887 207 956 ή
223 883 251 941 δὲ
265 883 349 964 τίχνη
365 882 433 954 αύτή
448 882 477 940 έν
496 905 530 960 τη
544 885 644 964 χρήσει
663 883 766 940 τούτων
780 884 826 941 καί
840 883 927 964 κρίσει
946 883 1028 956 ίστίν,
1046 882 1128 940 όπότε
1142 881 1187 940 καί
1203 885 1302 942 ὁπόσον

190 983 234 1040 καὶ
251 987 310 1046 πῶς
324 978 417 1062 έχουσι
435 979 477 1039 δεῖ
494 981 585 1060 λέγειν
599 983 632 1039 τά
646 981 787 1062 εἰρημένα.
804 983 854 1040 Καί
870 981 1004 1062 μάρτυρας
1018 981 1149 1060 ἐπάγεται
1167 988 1206 1057 τῷ
1225 981 1301 1062 λόγῳ

189 1079 243 1136 τὸν
267 1077 454 1159 μελίγηρυν
474 1076 653 1159 Ἄδραστον
670 1080 715 1136 καί
732 1079 866 1159 Περικλέα
880 1079 927 1135 τὸν
942 1079 1111 1137 Ξανθίππου.
1133 1076 1177 1143 Ὠς
1191 1079 1243 1158 γάρ
1259 1079 1302 1136 ἐπὶ

146 1186 159 1234 5
191 1177 326 1257 ἰατρικῆς,
343 1175 415 1234 ούτω
433 1177 478 1232 καί
500 1175 543 1234 ἐπὶ
564 1176 720 1257 ῥητορικῆς·
742 1177 778 1242 ὡς
792 1177 844 1256 γάρ
860 1176 964 1255 ἀνάγκη
978 1181 1018 1251 τῷ
1037 1177 1075 1239 ὡς
1091 1174 1201 1247 άληθῶς
1218 1177 1302 1256 ἰατρῷ

189 1271 288 1331 εἰδέναι
308 1273 428 1343 τὴντῶν
448 1273 584 1351 σωμάτων
602 1274 691 1354 φύσιν,
712 1272 811 1332 εἰδέναι
830 1271 858 1330 δέ
872 1274 917 1330 καί
933 1275 983 1344 τήν
1002 1277 1057 1330 τῶν
1072 1273 1234 1353 φαρμάκων,
1257 1273 1303 1330 καί

97 1381 175 1432 Μθν·
189 1374 257 1450 πρὸς
272 1372 379 1436 τούτοις
393 1372 426 1429 τά
438 1373 524 1446 πάθη,
537 1371 582 1430 ἰνα
596 1379 654 1435 τοῖς
671 1371 783 1436 οἰκείοις
798 1371 906 1447 σώμασι
925 1371 970 1427 καί
984 1372 1128 1448 παθήμασι
1145 1371 1151 1451 (
1167 1372 1201 1428 τά
1215 1371 1303 1429 οἰκεῖα

190 1470 320 1550 φάρμακα
340 1471 535 1550 προσφέρων
559 1471 622 1549 ύγιᾶ
636 1462 763 1546 ἀποδείξῃ
786 1471 833 1526 τδν
855 1467 1007 1548 ἄνθρωπον·
1031 1469 1077 1526 τὸν
1100 1468 1181 1526 αύτδν
1202 1469 1302 1549 τρόπον

190 1569 233 1624 καὶ
255 1574 296 1643 τῷ
318 1567 424 1649 ῥήτορι,
448 1566 541 1639 ἐπειδή
564 1567 764 1648 ψυχαγωγία
785 1567 888 1640 έστίνή
912 1567 1055 1648 ῥητορική,
1075 1568 1180 1646 άνάγκη
1204 1565 1303 1625 εἰδέναι

133 1677 162 1728 10
190 1667 233 1726 καί
253 1670 347 1746 ψυχῆς
363 1667 439 1746 φύσιν
456 1668 514 1744 [τὸν
530 1667 657 1746 ῥήτορα(
681 1664 739 1724 είτε
753 1667 879 1724 σύνθετον
895 1664 954 1724 είτε
969 1665 1073 1724 ἁπλοῦν
1092 1665 1158 1738 ἐστι,
1174 1666 1219 1722 καὶ
1235 1667 1304 1741 μετά

188 1769 273 1820 ταῦτα
293 1769 348 1821 τῶν
364 1762 455 1844 λόγων
477 1765 510 1820 τά
532 1761 607 1840 εἴδη,
623 1765 668 1820 καί
691 1763 733 1822 έπὶ
748 1764 854 1828 τούτοις
868 1764 1037 1839 παθημάτων
1058 1762 1121 1836 εἴδη
1135 1785 1165 1823 τε
1184 1764 1229 1820 καί
1245 1761 1302 1822 θια-

189 1863 281 1942 φοράς·
305 1863 377 1920 ούτω
398 1864 450 1943 γάρ
463 1862 527 1926 τοὺς
547 1861 664 1926 οἰκείους
680 1861 780 1941 λόγους
795 1869 852 1928 τοῖς
874 1863 983 1930 οἰκείοις
997 1864 1154 1944 προσφέρων
1172 1863 1239 1920 ποτέ
1254 1863 1303 1939 μέν

187 1961 287 2032 πείσει,
310 1960 376 2016 ποτὲ
397 1958 426 2017 δὲ
447 1960 563 2036 ἰάσεται,
584 1962 653 2016 κατὰ
670 1959 734 2024 τούς
753 1963 940 2040 προσήκοντας
960 1961 1070 2040 καιροὺς
1091 1959 1190 2044 ἕκαστα
1203 1967 1301 2022 ποιῶν.

188 2058 237 2115 Καὶ
259 2059 324 2136 περὶ
348 2059 396 2134 μὶν
417 2065 465 2130 τῆς
485 2063 540 2114 τῶν
556 2058 648 2136 λόγων
669 2059 768 2138 τέχνης
788 2059 872 2115 ταῦτά
890 2079 966 2138 φησι.
991 2059 1056 2138 Περὶ
1079 2056 1107 2115 δέ
1127 2063 1175 2115 τοῦ
1190 2059 1303 2140 γράφειν

132 2167 160 2219 15
192 2156 290 2220 αύτούς
306 2149 369 2228 έξῆς
386 2158 474 2230 ζητεῖ,
490 2162 530 2233 πῇ
548 2155 640 2222 καλῶς
655 2155 712 2236 ἔχει
727 2157 841 2238 γράφειν
861 2155 905 2213 καί
920 2161 959 2232 πῇ
975 2156 1006 2213 ού
1020 2157 1126 2221 καλῶς.
1143 2155 1240 2222 Καλῶς
1255 2156 1304 2233 μέν

188 2256 239 2334 γάρ
254 2251 315 2334 ἔχει
336 2255 401 2312 όταν
422 2253 558 2319 παιδιᾶς
581 2255 662 2336 χάριν
676 2256 720 2312 καὶ
737 2257 915 2331 ὑπομνήσεως
937 2255 984 2320 εἰς
1003 2256 1039 2312 τὸ
1063 2255 1168 2328 λήθης
1188 2263 1301 2335 γῆρας,

189 2352 219 2408 ού
237 2351 332 2417 καλῶς
354 2351 382 2410 δὲ
403 2352 468 2410 ὅταν
481 2352 619 2432 σπουδάζη
640 2375 681 2419 τις
703 2353 746 2411 ἐπὶ
761 2354 866 2418 τούτοις
887 2353 925 2416 ὡς
947 2353 1010 2432 περὶ
1033 2353 1104 2431 μέγα
1117 2353 1229 2432 άγαθόν.
1254 2352 1303 2412 Καὶ

190 2450 265 2530 λέγει
290 2452 375 2526 μῦθόν
396 2473 466 2523 τινα,
490 2453 520 2509 θν
541 2450 641 2524 ήκουσε
662 2454 723 2532 περὶ
745 2459 793 2510 τοῦ
815 2452 882 2510 Θείιθ
903 2451 949 2510 καί
971 2451 1132 2526 Ἄμμωνος,
1156 2451 1194 2516 ὡς
1216 2449 1304 2531 άραθ

188 2551 290 2630 Ἑρμῆς
304 2553 366 2630 εὗρε
378 2552 445 2630 πρός
459 2557 519 2616 ταῖς
533 2549 629 2618 άλλαις
643 2553 751 2632 τέχναις
766 2552 811 2608 καί
826 2553 877 2623 τήν
892 2557 946 2608 τῶν
961 2551 1144 2629 γραμμάτων,
1161 2550 1206 2607 καὶ
1219 2550 1304 2622 αὐτὴν

133 2659 161 2710 20
189 2647 257 2724 ᾤετο
281 2650 418 2723 μνήμης
440 2648 615 2728 φάρμακον
637 2650 717 2720 εἰναι,
740 2648 857 2729 σοφίας
879 2647 908 2706 δέ
926 2647 1026 2706 αἰτίαν·
1047 2648 1061 2703 ό
1083 2646 1112 2705 δέ
1128 2651 1236 2722 Θαμοῦς
1253 2647 1306 2729 ούχ

190 2747 275 2812 οὕτως
289 2745 368 2821 ᾤετο,
386 2745 460 2804 άλλά
472 2747 628 2804 τούναντίον
651 2747 739 2820 λήθης
762 2748 810 2822 μὲν
825 2747 967 2828 φάρμακον
983 2743 1027 2802 διά
1040 2745 1071 2802 τδ
1086 2751 1302 2826 καταφρονεῖν...

190 2847 227 2909 ὡς
243 2845 447 2924 γεγραμμένων
462 2841 660 2926 (θαρσήσαντες
681 2846 733 2925 γάρ
747 2847 783 2910 ὡς
801 2850 944 2925 γραφεῖσιν
958 2843 1094 2921 άμιλοῦσι
1112 2851 1162 2916 τῆς
1184 2843 1303 2921 μελέτης

189 2945 234 3000 καὶ
256 2941 460 3001 άποθάλλουσιν
482 2943 499 3000 θι
519 2941 715 3025 μεμαθήκασι),
739 2940 896 3024 δοξοσοφίας
913 2941 941 3000 δὲ
955 2944 1083 3023 ἀφορμήν
1105 2939 1303 3023 (πολυήκυοι

190 3045 250 3122 γάρ
278 3042 457 3121 γενόμενοι
485 3042 748 3121 πολυγνώμονες
776 3036 927 3108 δόξουσιν
955 3043 1053 3114 εἶναι,
1089 3040 1225 3119 ἀγνωσίαν
1257 3063 1302 3098 νο-

135 3150 162 3200 25
190 3141 323 3220 σοῦντες(
347 3143 396 3200 Διὰ
416 3147 499 3200 ταῦτα
521 3139 553 3211 δὴ
575 3143 618 3198 καί
639 3143 672 3198 τά
686 3147 798 3200 τοιαῦτα
812 3142 843 3199 ού
857 3141 967 3215 πολλῆς
982 3163 1055 3206 τινος
1074 3137 1220 3212 σπουδῆς
1234 3137 1303 3206 ἄξιοι

190 3243 217 3298 οἰ
240 3241 428 3322 γεγραμμένοι
448 3240 618 3320 <λόγοι>,
643 3239 707 3298 ἀλλ’
730 3244 756 3299 οἰ
780 3241 969 3322 γεγραμμένοι
993 3240 1020 3297 ἰν
1042 3245 1101 3306 ταῖς
1125 3243 1226 3321 ψυχαῖς
1247 3243 1302 3296 τῶν

190 3339 343 3398 ἀκουόντων
357 3339 419 3415 μετ’
434 3339 586 3416 ἐπιστήμης
595 3345 643 3396 τοῦ
653 3337 781 3419 λέγοντος
795 3341 840 3397 καὶ
855 3341 1003 3420 γράφοντος
1017 3339 1048 3397 έν
1063 3343 1162 3418 ψυχῇ.
1181 3336 1303 3416 (ι’Δνάγ-

191 3437 276 3516 γελλε
295 3437 353 3510 οὖν,
370 3438 447 3518 φησί,
467 3443 551 3494 ταῦτα
567 3438 659 3510 Λυσίᾳ,
683 3437 727 3494 καί
747 3441 831 3513 ήμεῖς
849 3436 995 3516 Ἰσοκράτει
1016 3435 1172 3512 άνοίσομεν,
1192 3459 1206 3491 ιι
1226 3434 1302 3493 ίπαι-

191 3536 265 3599 νέσας
279 3535 361 3592 αὑτοῦ
375 3537 427 3606 τήν
448 3535 525 3616 φύσιν
545 3536 590 3592 καί
608 3537 639 3594 τὸ
658 3537 723 3606 ήθος
736 3537 780 3592 καί
796 3535 857 3601 τοὺς
872 3533 980 3614 λόγους.
996 3535 1127 3607 <Καὶ>
1140 3532 1303 3590 καταπαύων

136 3647 163 3696 30
190 3634 236 3689 τὸν
257 3631 341 3712 λόγον
355 3631 465 3713 εὔχεται
484 3639 559 3712 σοφῷ
573 3633 725 3712 πρέπουσαν
742 3633 827 3714 εὐχήν
843 3634 909 3688 Πανί
928 3633 974 3689 καί
994 3637 1051 3696 τοῖς
1066 3629 1198 3694 ἐντοπίοις
1210 3627 1300 3706 θεοῖς,

223 3865 334 3918 ιιευο
397 3863 682 3929 rzrrrexrynaeo
745 3865 891 3916 4·52703
955 3863 1068 3916 8270ss
1131 3863 1241 3914 9271c

192 3937 314 3988 ιειοικ
378 3935 490 3989 ιιιιιυ.
555 3937 730 3988 worm
793 3935 1116 3988 rrzrrnern:2ren
1180 3935 1302 3986 182741)

251 4008 431 4060 worm
493 4008 681 4060 erorzrrr
743 4008 901 4060 ιιιιεκο
963 4003 1148 4057 rreum
1211 4005 1303 4057 26278

193 4079 359 4155 κγινοοχη)
422 4079 656 4132 εισιιιευιε
718 4079 849 4130 υυυιυο.
911 4078 1039 4129 τουτου

224 4215 268 4267 NG
282 4216 313 4268 10
326 4219 369 4268 τὸν
384 4217 476 4286 ῥήτορα
490 4217 603 4269 seclusit
616 4220 675 4268 Αετ
737 4215 768 4269 12
784 4219 914 4286 προφέρων
929 4220 952 4267 Α
968 4218 1026 4285 (προ
1041 4230 1075 4268 ex
1095 4215 1180 4286 προσ),
1199 4217 1248 4268 sed
1266 4217 1301 4266 σί.

194 4287 241 4337 1.8
261 4295 288 4338 et
312 4289 382 4340 plat.
409 4291 564 4358 (προσφέρων
588 4289 770 4354 suprascripto
793 4309 841 4356 προ
867 4289 898 4350 Β(
961 4287 994 4340 18
1015 4288 1091 4354 orba]
1110 4290 1158 4340 θὼθ
1179 4288 1241 4338 libri

195 4357 223 4408 19
239 4360 351 4426 Ἑρμῆςι
372 4359 409 4410 cf.
432 4359 498 4410 add.
514 4365 540 4409 οι
553 4359 696 4426 corri9.,4
758 4360 802 4425 τὴν
817 4374 870 4411 om.
888 4361 915 4410 M
980 4361 1011 4412 20
1030 4361 1056 4412 δέ
1075 4365 1135 4426 post
1154 4364 1242 4426 σοφίας
1255 4373 1302 4411 su-

195 4432 328 4495 prascripo
345 4429 372 4482 τέ
387 4434 412 4481 Α
426 4434 491 4482 θέτε
506 4432 534 4481 Μ
600 4433 704 4498 Θαμοῦς
719 4431 831 4496 scripsi:
851 4433 962 4498 Ἀμμων
976 4431 1037 4482 libri
1100 4433 1130 4482 21
1149 4439 1210 4499 post
1225 4453 1304 4486 κατα·

195 4509 287 4568 φρονεῖν
302 4501 400 4566 supple
413 4501 616 4553 substantivum
630 4503 733 4568 aliquid
749 4505 794 4556 cui
807 4507 986 4571 γεγραμμένων
1001 4504 1101 4555 referas
1164 4504 1195 4556 22
1209 4505 1304 4573 θαρσή-

197 4591 261 4624 ram
275 4573 304 4622 Μ
325 4573 391 4636 (jam
406 4579 562 4625 correxerat
575 4577 642 4638 Αετ(
705 4575 735 4625 23
753 4579 900 4640 δοξοσοφίας
916 4603 948 4612 -
960 4576 990 4626 2⁴
1007 4575 1199 4642 τολυγνώμονες
1214 4577 1303 4628 ουκΒ

252 4643 283 4695 δά
291 4642 418 4710 δόξουσιν]
428 4643 572 4706 δοξάζουσιν
583 4647 611 4696 Μ
624 4647 778 4712 (δοξάζουσιν
788 4646 971 4711 suprascripto
982 4650 1024 4705 ξου
1033 4647 1066 4710 Β(
1129 4647 1160 4698 26
1170 4653 1194 4700 οἰ
1207 4661 1261 4699 om.
1274 4649 1301 4699 M

253 4719 323 4782 λόγοι
337 4715 429 4766 addidi
444 4729 479 4768 ex
504 4717 618 4770 Platone
680 4719 711 4772 29
726 4721 769 4770 καὶ
788 4718 880 4770 addidi
905 4720 992 4782 (potes
1011 4719 1093 4772 oriam
1111 4719 1230 4772 devoro
1250 4721 1304 4777 εἶτα

197 4785 316 4838 addenda
329 4787 457 4854 rogitare)
