3604 5690
461 627 515 678 ΕΙΣ
536 628 598 678 ΤΟΝ
620 629 795 680 ΠΛΑΤΩΝΟΣ
816 629 959 680 ΦΑΙΔΡΟΝ
981 630 1102 681 ΣΧΟΛΙΑ
1295 642 1341 702 261

130 781 192 848 [202]
265 782 338 858 απγ’.
356 780 420 838 oia
439 779 498 862 άρα
515 778 658 865 σπουδῇ]
679 783 737 841 276
753 779 789 840 C.

266 919 311 985 Ὦς
331 922 347 977 θ
365 922 484 1002 σπείρων
507 923 534 981 έν
552 925 688 1005 γαστρίοις
707 923 843 990 παιδιᾶς
866 925 966 1006 χάριν
989 932 1070 984 τοῦτο
1088 935 1174 1002 ποιεῖ,
1190 928 1279 994 οὕτως
1295 929 1344 986 ’καί

226 1019 240 1073 ὁ
256 1019 367 1100 γράφων
381 1019 467 1095 μέλαν
483 1019 524 1078 διά
536 1020 663 1098 καλάμου
677 1023 782 1090 παίζων
796 1024 841 1080 καὶ
855 1023 886 1080 οὐ
901 1022 1058 1091 σπουδάζων
1073 1025 1178 1106 γράρει.
1193 1061 1232 1072 -
1247 1025 1345 1084 'iiii

227 1117 262 1172 τὸ
283 1117 342 1192 μέν
361 1117 392 1174 ἐν
410 1119 599 1198 γράμμασι·
621 1121 651 1177 τὸ
665 1123 804 1202 χρήσιμον
824 1127 872 1178 τοῦ
889 1121 1001 1202 γράιρειν
1021 1122 1085 1204 ἐρεῖ,
1107 1124 1149 1180 θ’τι
1169 1124 1273 1199 ἑαυτῷ
1296 1125 1344 1188 είς

124 1230 210 1280 (amp
227 1215 262 1270 τὸ
277 1222 381 1294 γῆρας
398 1214 441 1272 διά
455 1218 505 1288 τήν
521 1218 611 1291 λήθην
627 1221 850 1294 ὑπομνήματα
865 1220 1127 1302 θησαυρίζεταιί
1144 1221 1190 1279 καὶ
1203 1227 1260 1287 τοῖς
1273 1221 1346 1279 ἐπισ-

227 1314 327 1388 τημυσι
350 1319 410 1377 τοῖς
434 1314 543 1388 ὁμοίοις
569 1317 674 1374 iamai·
701 1317 732 1374 οὐ
759 1317 809 1396 γάρ
832 1323 890 1382 τοῖς
912 1320 1132 1394 άνεπιατημοαιν.
1159 1353 1197 1366 ·-
1221 1319 1345 1384 Αὐτοὺς

230 1417 379 1489 θεωρῶν,
392 1410 514 1469 τουτέστι
530 1408 715 1492 παραὸάλλων
730 1415 831 1487 ταύτην
845 1417 896 1487 τὴν
908 1415 1014 1474 παιδιάν
1026 1424 1086 1481 ταῖς
1102 1416 1202 1483 άλλαις
1216 1415 1345 1490 παιδιαῖς,

229 1515 288 1576 ταῖς
305 1508 333 1567 έν
350 1505 445 1575 κάθαις
461 1511 479 1582 ἢ
496 1511 588 1586 μέθαις
602 1512 620 1583 ἢ
635 1519 694 1580 τοῖς
708 1513 853 1578 τοιοάτοις.

271 1663 571 1749 σπδ’.Ἠσθησεται]
595 1669 654 1728 276
676 1668 716 1729 Ι).

170 1833 201 1884 10
272 1817 355 1872 Τοῦτο
370 1813 416 1870 καί
429 1811 456 1870 έν
470 1813 599 1890 Τιμαίῳ
614 1813 698 1872 εἶπεν·
718 1813 822 1872 «ὅταν
836 1815 912 1880 τοὺς
927 1816 1081 1896 περὶτῶν
1096 1813 1351 1873 θντωνκαταθέ-

234 1932 332 1987 μενος
355 1909 477 1990 λάγους
496 1912 755 1989 ἀμεταμέλητον
774 1911 902 1985 ἡδονὴν
917 1920 1089 1995 καρπῶται
1105 1937 1120 1970 »
1136 1913 1179 1970 διὰ
1192 1919 1246 1971 τῶν
1262 1915 1351 1989 μαθη-

235 2009 338 2084 μάτων.
354 2044 393 2054 -
407 2008 567 2072 Ἀπαλοθς
584 2007 623 2082 δὲ,
639 2010 696 2068 άντὶ
713 2015 761 2066 τοῦ
777 2010 909 2076 εὐσταθεῖς.
926 2045 966 2056 -·
979 2010 1169 2091 “’Δρδοντις,
1189 2012 1307 2068 τουτέστι
1321 2010 1358 2091 τὸ,

233 2105 364 2187 ἀπορρέον
378 2115 428 2180 τῆς
443 2111 535 2188 ψυχῆς
551 2108 739 2185 ἀνακτώμενοι
752 2108 798 2165 καί
814 2106 950 2189 άρδοντες.

275 2267 343 2328 απε’.
361 2267 540 2348 Παγκάλην
560 2269 673 2350 λέγεις
691 2269 776 2350 παρά
792 2269 922 2352 ραάλην
938 2268 1087 2352 παιδιάν]
1102 2271 1161 2330 276
1174 2269 1211 2330 Ε.

171 2439 203 2491 15
277 2415 353 2494 Περὶ
371 2412 586 2486 δικαιοσύνης
609 2414 655 2470 καὶ
672 2421 723 2484 τῆς
739 2411 936 2493 άλληςάρετῆς
960 2412 1209 2491 μυθολογοῦντα
1229 2411 1355 2482 <καὶ>

234 2521 285 2584 τῆς
301 2513 409 2595 ραάλης
424 2511 531 2576 παιδιάς
549 2511 626 2578 ἐκτὸς
644 2510 719 2573 άντα.
735 2547 775 2556 -
793 2512 1047 2591 Μυθολογοῦντα
1066 2509 1104 2568 δέ·
1124 2508 1190 2592 [ὅτι]
1209 2507 1258 2590 θρα
1271 2509 1354 2567 πάλιν
1399 2491 1401 2496 ⁵

237 2611 279 2670 θ’τι
295 2615 380 2688 μῦθον
393 2609 504 2668 ἐκάλεσε
517 2611 551 2668 τά
565 2611 592 2667 έν
607 2617 665 2676 τοῖς
680 2611 884 2690 συγγράμμασιν
899 2611 936 2674 ὡς
945 2610 1012 2690 πρὸς
1024 2611 1074 2680 τὴν
1091 2609 1221 2681 ἀληθειαν
1234 2611 1289 2664 τῶν
1305 2614 1356 2678 τῆς

237 2713 343 2790 ψυχῆς,
366 2706 459 2778 ἐπειδὴ
479 2709 524 2765 κοιλΙ
546 2714 618 2764 πᾶσα
641 2711 658 2779 ἡ
683 2709 831 2788 φαινομένη
853 2706 1019 2788 δημιουργία
1042 2707 1081 2772 ὡς
1101 2707 1170 2786 πρὸς
1192 2706 1242 2776 τὴν
1264 2685 1354 2776 άληθῆ

239 2808 325 2882 μῦθός
341 2806 405 2867 έστι.

176 2999 207 3048 20
278 2963 351 3031 υπς’.
375 2963 461 3022 Πολθ
480 2961 508 3021 δ’
530 2963 642 3041 οἶμαι]
661 2962 721 3022 276
740 2962 778 3024 Ε.

280 3107 370 3167 Πολὺ
386 3106 414 3164 δ’
430 3108 525 3182 οἶμαι
538 3103 689 3163 καλλίων
702 3103 788 3176 ἐκείνη
803 3107 822 3175 ἡ
838 3101 976 3176 σπουδὴ,
988 3099 1220 3174 δταν<τις>έν
1232 3105 1293 3164 τοῖς
1305 3120 1358 3177 μα-

240 3211 336 3281 θηταῖς
361 3209 456 3265 έαυτοῦ
480 3203 642 3276 άποτίθηται
661 3205 712 3273 τὴν
735 3199 851 3284 διδαχὴν
879 3203 983 3273 ἑαυτοῦ,
1019 3202 1050 3258 οἳ
1074 3201 1203 3264 ἑαυτοῖς
1235 3195 1359 3255 δάνανται

243 3309 383 3386 βοηθεῖν
396 3307 442 3362 καὶ
455 3302 552 3367 καλοὺς
566 3303 680 3378 ὁμοίους
693 3301 807 3357 τίκτειν·
819 3307 871 3356 πᾶν
885 3301 935 3380 γάρ
942 3297 1045 3356 τέλειον
1060 3297 1155 3374 άμοιον
1167 3298 1251 3376 ἑαυτῷ
1266 3300 1357 3374 γεννᾷ.

242 3440 281 3453 -
293 3407 328 3463 Τὸ
343 3403 372 3462 δὲ
384 3403 493 3484 ψυχὴν
511 3403 752 3484 προσήκουσαν,
768 3397 904 3456 τουτέστιν
921 3395 1086 3470 ἐπιτηδείαν.

180 3605 211 3655 25
283 3567 355 3638 απζ’.
373 3566 549 3625 ’Δθάνατον
570 3563 730 3645 παρέχειν
748 3559 847 3642 ίκανοί]
869 3561 925 3620 277
941 3558 979 3625 Α.

284 3709 363 3790 Ὀρᾷς
377 3709 429 3788 γάρ
442 3704 564 3779 <δτι>
579 3701 613 3761 δι’
630 3700 815 3784 Ἀριστοτέλην
829 3701 956 3774 <καὶ>
971 3698 1014 3758 διά
1027 3699 1168 3758 Πλωτῑνον
1183 3697 1273 3776 ὥσπερ
1294 3694 1362 3752 άθά-

244 3807 323 3873 νατθς
338 3807 393 3864 ἐστι
408 3803 533 3862 Πλάτων.

276 4010 308 4061 10
326 4007 398 4061 Tim.
413 4007 505 4059 5901)

178 4163 181 4168 ·
279 4131 356 4183 Ncl
380 4130 427 4183 οὐκ
446 4129 496 4197 άρα
515 4130 614 4203 σπουδῇ
635 4126 709 4177 rubr.
729 4130 754 4176 Α
816 4122 990 4193 2γαστρίοις]
1012 4123 1131 4190 γάστραις
1153 4121 1183 4172 Μ
1247 4113 1366 4183 θμθλαν]

248 4208 333 4271 μέλανι
353 4203 382 4253 Μ
445 4201 508 4252 ivi)
523 4207 586 4251 ante
603 4197 656 4264 μέν]
673 4197 731 4258 τοὺς
753 4196 823 4248 plat.
888 4199 974 4255 5τοῖς
994 4201 1058 4246 ante
1079 4192 1230 4258 ίπιστῆμοσι
1248 4202 1303 4240 0111.
1326 4188 1366 4237 Μ.

309 4270 440 4336 θέαυτοῦ]
454 4275 534 4339 έαυτῷ
548 4271 576 4321 Μ
639 4262 971 4334 7τὴνπαιδιάνταάτηνΜ
1035 4259 1367 4330 θὴσθήσεται,ἠῐθί)ι·.Α

310 4347 341 4396 10
361 4342 430 4408 ὅταν]
450 4342 486 4394 ὃτι
506 4343 533 4392 Μ
599 4343 763 4405 καταθέμενος
782 4343 841 4390 Aer
853 4355 867 4396 ε,
880 4341 1061 4404 καταθεμένους
1078 4336 1161 4387 libri:
1182 4336 1221 4386 άιί
1240 4331 1369 4383 κατατιθέ-

250 4437 322 4486 μενος
339 4416 409 4466 Plan.
473 4412 503 4464 11
519 4412 659 4480 καρπῶται]
674 4413 817 4480 καρποῦται
835 4411 880 4462 M:
895 4415 983 4462 κτᾶται
1000 4409 1069 4460 Fiat.
1134 4408 1164 4458 13
1179 4406 1294 4473 άρδοντες
1308 4414 1369 4452 oot-

249 4496 360 4554 ruptum
423 4485 454 4536 14
474 4484 614 4549 παγκάλην,
636 4503 655 4535 π
674 4483 749 4534 rubr.
769 4486 794 4533 Α
857 4479 964 4548 φαύλην]
985 4484 1079 4548 φαῦλον
1098 4478 1146 4530 ΑΕ
1209 4476 1239 4525 15
1262 4475 1371 4538 μυθολο-

249 4565 343 4628 γοῦντα
361 4557 455 4609 Plan:
478 4559 677 4620 μυθολογοῦντας
696 4555 759 4606 libri
821 4557 864 4605 καί
883 4553 977 4604 addidi
1040 4552 1071 4602 16
1091 4551 1151 4602 ὄντα
1163 4545 1279 4612 scripsi:
1299 4543 1371 4602 ὄντας

249 4632 309 4683 libri
372 4628 410 4681 ὅτι
426 4625 526 4678 seclusi
588 4625 706 4688 δθπολὺ,
722 4645 755 4678 πο
769 4627 844 4677 rubr.
860 4628 884 4676 A
947 4624 976 4675 21
991 4643 1026 4682 τις
1039 4620 1131 4673 addidi
1193 4618 1224 4670 25
1239 4613 1372 4673 ἀθάνατον,

251 4702 357 4756 &rubin
371 4703 397 4752 A
460 4698 491 4749 26
514 4697 551 4749 δτι
571 4696 664 4747 addidi
726 4701 769 4750 καί
790 4695 882 4748 addidi
947 4692 1033 4762 ὥσπερ
1047 4692 1168 4750 ἀθάνατός
1184 4693 1236 4742 ἐστι
1255 4681 1370 4749 scripsi:

252 4775 373 4832 ἀθάνατός
387 4775 454 4824 ἐστιν
469 4766 554 4836 ὥσπερ
568 4768 630 4818 libri
952 4768 954 4774 '
971 4769 973 4772 '
1199 4803 1203 4812 .
