3660 5686
445 587 476 640 94
586 603 591 622 .
813 573 955 630 οειιειοι
975 578 1173 632 οιιοεοοοι

347 739 411 806 [109]
446 735 619 816 στερόμεναι,
635 735 735 800 α’ίτινες
749 735 897 794 ἐκαλοῦντο
912 735 1066 801 πελειάδες·
1087 735 1152 804 ἴσως
1164 737 1210 794 οὖν
1224 738 1276 794 ἀπὸ
1290 745 1338 795 τοῦ
1353 737 1485 813 ὀνόματός
1500 755 1568 803 τινες

443 832 626 906 πλανηθέντες
651 834 826 892 ὑπώπτευσαν
854 835 923 892 εἶναι
948 837 1105 916 περιστεράς
1131 837 1180 900 τάς
1204 837 1396 912 μαντευούσας·
1421 835 1513 908 ἐπειδὴ
1540 836 1568 894 δέ

444 933 488 989 καί
513 932 563 1001 τήν
587 932 711 1012 κεφαλὴν
734 931 790 1012 δρυὶ
812 935 1017 1014 κατεστέιροντο,
1044 933 1111 998 ίσως
1133 933 1176 991 διά
1200 939 1279 991 τοῦτο
1305 935 1424 1014 εἰρήκασι
1449 937 1494 991 καί
1517 937 1569 1006 τήν

444 1029 507 1111 δρῦν
531 1030 685 1106 μαντεύειν.
713 1031 785 1088 Ἔστι
810 1030 837 1088 δὲ
861 1033 920 1098 Διὸς
943 1033 974 1088 τδ
1000 1039 1139 1107 μαντεῖον,
1167 1033 1198 1088 τὸ
1224 1031 1252 1088 δέ
1273 1031 1301 1089 έν
1328 1031 1444 1113 Δελφοῖς
1470 1031 1569 1089 Ἀπόλ-

445 1128 541 1194 λωνος.
563 1129 682 1193 Εἰκότως
704 1128 751 1186 οὗν
772 1129 910 1211 ἀμφότερα
932 1126 1086 1210 παρέλαθεν
1108 1131 1146 1193 ὡς
1169 1137 1287 1208 συγγενῆ
1314 1131 1346 1187 τά
1371 1135 1495 1204 μαντεῖα.
1519 1131 1569 1186 Καὶ

444 1229 496 1307 γάρ
517 1229 531 1283 ὁ
551 1226 695 1284 Ἀπόλλων
715 1229 847 1308 ὑπουργὸς
870 1227 980 1308 λέγεται
1001 1229 1070 1286 εἶναι
1090 1237 1139 1300 τῆς
1159 1233 1205 1284 τοῦ
1226 1229 1286 1292 Διὸς
1306 1225 1502 1307 δημιουργίας,
1522 1229 1568 1284 καί

443 1325 571 1390 πολλάκις
593 1327 615 1383 εί
632 1318 720 1392 ἔδοξεν
735 1327 827 1392 αύτοῑς
841 1327 947 1408 άσαιρής
965 1327 1034 1384 εἶναι
1049 1330 1063 1384 ὁ
1078 1335 1126 1384 τοῦ
1143 1325 1304 1384 Δωδωναίου
1319 1327 1459 1408 χρησμὸς,
1476 1327 1567 1404 ἀπῄε-

445 1447 493 1482 σαν
514 1425 552 1488 εἷς
573 1425 603 1480 τὸ
623 1423 650 1480 ἐν
673 1424 797 1506 Δελροῑς,
818 1426 989 1506 χρησόμενοι
1006 1426 1033 1482 τί
1055 1424 1181 1502 βούλεται
1196 1427 1210 1481 δ
1225 1433 1274 1482 τοῦ
1291 1427 1351 1489 Διὸς
1363 1425 1505 1506 χρησμὸς,
1524 1425 1570 1480 καί

444 1523 563 1587 πολλοὺς
580 1523 667 1580 αὐτῶν
683 1521 834 1602 ἑξήγησατο
848 1521 983 1588 πολλάκις
1004 1526 1018 1580 ὁ
1033 1522 1182 1583 Ἀπόλλων,
1199 1559 1238 1568 -
1253 1523 1441 1580 Ἐνθουσιῶσαι
1458 1525 1507 1598 μὲν
1522 1522 1569 1580 οὗν

383 1625 414 1676 10
444 1623 489 1678 καί
510 1622 712 1696 μαντευόμεναι
730 1624 758 1679 αί
779 1622 898 1701 ίέρειαι
915 1620 1008 1678 πολλά
1027 1622 1186 1702 εὐηργέτουν
1205 1623 1268 1687 τούς
1293 1622 1450 1702 ἀνθρώπους
1469 1620 1569 1700 προλέ-

443 1743 539 1800 γουσαι
553 1722 585 1777 τά
601 1720 739 1796 μέλλοντα
753 1723 798 1778 καί
815 1721 1069 1800 προδιορθούμεναι,
1086 1727 1316 1802 σωρρονοῦσαι
1338 1719 1369 1777 δέ
1389 1719 1482 1796 ὅμοιαι
1501 1722 1570 1791 ἦσαν

443 1826 503 1884 ταῖς
519 1819 616 1884 άλλαις
629 1813 757 1898 γυναιξίν.
777 1819 869 1884 Ούτως
888 1820 940 1900 οὐχ
956 1819 1050 1884 ἁπλῶς
1066 1820 1149 1895 μανία
1162 1821 1246 1877 κακόν
1262 1820 1342 1893 ἐστιν,
1359 1818 1428 1876 ιἰλλά
1442 1841 1467 1875 τι
1480 1825 1569 1898 κρεῖτ-

444 1942 491 1976 τον
510 1927 560 1990 τῆς
581 1920 757 1999 σωφροσύνης
777 1919 821 1974 καί
842 1919 957 1976 πολλῶν
979 1919 1086 1996 ἀγαθῶν
1108 1925 1166 1985 τοῖς
1187 1918 1339 1997 ἀνθρώποις
1362 1917 1458 1976 αίτιον.
1483 1914 1569 1974 Ἀλλά

447 2017 491 2075 διά
504 2017 531 2074 τί
550 2017 680 2082 πολλάκις
700 2017 826 2074 δοκοῦσαι
845 2015 930 2092 μηδὲν
949 2018 1047 2092 σεμνὸν
1066 2013 1140 2098 ἔχειν
1161 2017 1186 2074 έν
1205 2023 1245 2091 τῷ
1261 2017 1314 2093 βίῳ
1328 2023 1367 2090 τῷ
1384 2013 1462 2090 άλλιμ
1480 2017 1507 2072 αί
1523 2037 1570 2093 γυ-

384 2115 415 2166 15
447 2123 536 2180 ναῖκες
552 2116 742 2196 ένεροροῦντο;
757 2115 793 2171 Ἢ
808 2119 892 2189 ἡμεῖς
909 2115 958 2190 μὲν
974 2114 1017 2171 ἐπί
1035 2115 1147 2194 σμικρὸν
1163 2112 1309 2192 βλέπομεν,
1326 2115 1361 2180 είς
1374 2120 1470 2171 τοῦτον
1487 2114 1571 2188 μόνον

447 2216 537 2272 αὐτῶν
556 2211 760 2277 άποθλέποντες
779 2215 826 2270 τδν
846 2214 919 2290 βίον,
941 2215 967 2270 οί
987 2211 1014 2270 δέ
1034 2213 1096 2270 θεοί
1115 2214 1160 2269 καί
1178 2215 1226 2276 τάς
1241 2209 1390 2292 προθιοτάς
1412 2211 1509 2276 εἰδότες
1526 2213 1571 2268 καί

447 2316 492 2380 τάς
505 2313 645 2393 περιόδους
662 2319 717 2369 τῶν
732 2317 841 2393 ψυχῶν,
858 2319 939 2368 τοῦτο
955 2311 1047 2375 αύταῖς
1061 2318 1107 2368 νύν
1122 2311 1321 2390 άπεκλιζρωσαν
1337 2312 1367 2368 τὸ
1383 2310 1473 2391 γέρας.

489 2413 552 2492 Περὶ
572 2411 600 2468 δέ
618 2419 665 2483 τῆς
685 2408 820 2482 Σιθύλλης
839 2411 927 2475 οὕτως
949 2411 1004 2466 έστι
1023 2412 1169 2484 Ξαυμαστά
1188 2410 1220 2466 τά
1243 2410 1390 2488 λεγόμενα,
1409 2409 1479 2465 ὥστε
1497 2407 1572 2474 δόξαι

450 2511 549 2584 μύθους
563 2511 642 2568 εἶναι.
664 2507 772 2566 Πολλαὶ
792 2511 882 2584 μέντοι
904 2505 1039 2566 Σιθύλλαι
1057 2510 1194 2588 γεγόνασι,
1211 2517 1293 2567 πᾶσαι
1308 2510 1354 2566 τὸν
1371 2510 1497 2590 μαντικὸν
1511 2506 1570 2564 έλδ·

385 2607 417 2658 2⁰
450 2631 528 2682 μεναι
545 2608 616 2686 βίον.
634 2615 719 2664 Πᾶσαι
735 2607 828 2682 μέντοι
842 2606 885 2664 διά
896 2629 957 2663 τινα
970 2605 1038 2672 ίσως
1054 2609 1145 2664 αἰτίαν
1162 2607 1270 2665 είλοντο
1286 2605 1421 2666 nrt-tna:
1438 2629 1572 2688 προσαγο-

448 2708 583 2786 ρεύεσθαι,
599 2707 689 2787 ὥσπερ
708 2704 739 2777 δὴ
756 2709 770 2762 ὁ
785 2707 973 2786 Τρισμέγιστος
990 2705 1091 2785 Ἐρμῆς
1111 2705 1220 2786 λέγεται
1239 2706 1382 2771 πλεονάκις
1399 2705 1570 2782 ἐπιδημήσας

448 2811 481 2881 τῇ
503 2805 630 2882 Αἰγύπτῳ
654 2807 748 2861 ἑαυτοῦ
771 2805 934 2879 άνεμνῆσθαι
954 2805 998 2860 καὶ
1018 2805 1108 2884 τρίτον
1126 2805 1276 2878 κεκλῆσθαι
1298 2805 1409 2884 Ἑρμῆς.
1431 2806 1480 2862 Καὶ
1500 2809 1572 2884 τρεῖς

449 2903 477 2960 δὲ
496 2903 622 2982 λέγονται
641 2901 751 2983 Ὀρρεῖς
771 2905 843 2982 παρά
861 2901 939 2982 Θρᾳξί
959 2905 1093 2982 γενέσθαι.
1110 2904 1187 2970 Ἴσως
1207 2904 1253 2961 ούν
1271 2906 1316 2960 καί
1331 2905 1409 2961 αὗται
1424 2903 1491 2959 κατά
1510 2925 1570 2958 τινα

448 3003 588 3059 κοινωνίαν
606 3003 651 3058 καὶ
672 3002 820 3076 ἀνάμνησιν
840 2999 947 3059 εἵλοντο
968 3003 1066 3066 ταύτας
1086 3003 1134 3066 τάς
1156 3002 1354 3083 προσηγορίας,
1375 3001 1430 3058 ἐπεὶ
1451 3001 1516 3073 αὕτη
1537 3023 1570 3080 γε

387 3100 416 3148 25
449 3104 466 3172 ἡ
488 3097 610 3158 stt-§na
631 3104 648 3171 ἡ
669 3099 810 3179 Ἐρυθραία
831 3102 891 3179 περὶ
911 3105 944 3172 ἧς
964 3107 1008 3156 νῦν
1032 3099 1106 3180 λέγει
1125 3099 1253 3185 Ἐριιρύλη
1274 3099 1397 3158 ἐκαλεῖτο
1419 3096 1445 3166 ἑξ
1469 3100 1570 3180 ἀρχῆς.

451 3201 564 3278 λέγουσι
589 3198 617 3255 δὲ
642 3199 726 3269 αὐτὴν
754 3198 829 3262 εύθύς
854 3198 1041 3278 προελθοῦσαν
1067 3205 1222 3279 προσειπεῖν
1249 3197 1274 3264 ἐξ
1304 3199 1438 3273 δνὸματος
1458 3199 1570 3255 ἕκαστον

449 3299 494 3353 καί
517 3295 639 3376 ἔμμετρα
659 3295 820 3377 φθέγξασθαι
841 3299 885 3352 καί
906 3298 942 3360 εἷς
965 3298 1070 3378 βραχύν
1088 3299 1187 3377 χρόνον
1209 3296 1315 3355 τέλειον
1337 3296 1409 3361 εἶδος
1432 3296 1573 3376 ἀνθρώπου

345 3401 435 3451 1·13ν·
451 3393 565 3476 λαθεῖνΙ.
579 3431 617 3440 -
631 3397 696 3475 Τρία
713 3393 741 3452 δέ
761 3395 830 3452 ἐστιν
850 3395 1050 3475 έπιχειρήματα
1068 3396 1112 3476 ἀρ’
1127 3399 1164 3452 ῶν
1182 3397 1377 3462 κατασκευάζει
1397 3395 1436 3452 δτι
1455 3399 1473 3466 ἡ
1491 3395 1574 3470 μανία

451 3497 613 3574 ἀγαθὸνκαὶ
634 3501 755 3574 κρεῖττον
778 3495 961 3574 σωφροσύνης
985 3496 1012 3551 ἓν
1034 3497 1082 3569 μέν
1104 3496 1157 3552 ἀπὸ
1176 3505 1226 3568 τῆς
1248 3496 1346 3566 οὐσίας,
1366 3495 1433 3552 καθὸ
1454 3495 1484 3551 ἐκ
1502 3500 1574 3551 θεῶν

389 3589 419 3636 3⁰
452 3592 595 3670 ἐνδίδοται,
616 3601 667 3650 πᾶν
690 3592 717 3650 δὲ
740 3595 769 3649 τὸ
791 3595 864 3671 παρά
885 3599 959 3650 θεῶν
981 3592 1123 3668 διδόμενον
1147 3595 1273 3674 μέγιστόν
1296 3594 1351 3651 ἐστι
1372 3599 1428 3650 τῶν
1450 3593 1573 3672 ἀγαθῶν,

452 3699 530 3749 τοῦτο
553 3691 581 3749 δέ
605 3693 685 3749 atto-3
709 3692 754 3748 καὶ
780 3692 869 3748 ούσία·
896 3691 1020 3772 δεύτερον
1044 3691 1072 3750 δὲ
1096 3694 1148 3748 ἀπὸ
1171 3702 1220 3764 τῆς
1244 3693 1388 3773 ἐνεργείας,
1417 3692 1458 3748 δτι
1481 3689 1574 3748 πολλά

441 3793 539 3870 ἀγαθά
555 3795 605 3862 τήν
625 3791 735 3848 Ἐλλάδα
753 3795 770 3862 ἡ
791 3792 900 3864 τοιαύτη
923 3793 1008 3867 μανία
1024 3792 1178 3872 εἰργάσατο
1200 3792 1289 3872 τρίτον
1306 3793 1359 3849 άπὸ
1376 3797 1423 3848 τοῦ
1441 3792 1575 3866 ὀνόματος

452 3891 493 3948 ὅτι
523 3891 550 3947 οί
583 3891 695 3948 παλαιοί
727 3892 771 3947 καὶ
803 3885 905 3956 ἔνδοξοι
938 3891 1131 3966 δνοματοθέται
1162 3892 1192 3948 τὸ
1226 3892 1352 3970 μέγιστον
1385 3896 1439 3948 τῶν
1479 3889 1574 3962 έπιτη-

452 3987 600 4065 δευμάτων,
631 3990 751 4046 τουτέστι
784 3991 833 4060 τήν
863 3993 1007 4065 μαντικὴν,
1034 3997 1074 4064 τῷ
1111 3999 1161 4061 τῆς
1198 3992 1293 4065 μανίας
1327 3990 1439 4064 δνάματι
1466 4009 1574 4068 προση-

391 4079 421 4128 35
452 4089 591 4169 γιίρευσαν,
622 4089 763 4162 μανικὴν
791 4089 1056 4167 προσαγορεύσαντες
1079 4091 1128 4159 τὴν
1157 4094 1202 4144 νῦν
1229 4087 1383 4166 λεγομένην
1407 4087 1468 4167 παρ’
1493 4089 1575 4162 ἡμῶν

483 4222 514 4272 22
529 4224 571 4272 καὶ
586 4225 649 4287 τρεῖς
664 4247 694 4254 -
708 4219 737 4268 2³
752 4221 865 4285 γενέσθαι
884 4219 941 4281 jam
959 4219 1031 4269 edid.
1049 4221 1162 4269 ῦιιειιοιι
1177 4217 1300 4282 Οιγοίνόα
1318 4218 1474 4279 (rinmunt
1490 4218 1575 4283 ΘνμΙι.

453 4297 474 4354 l,
487 4295 542 4357 505,
558 4293 591 4342 tr.
604 4292 677 4342 ined.
690 4291 714 4352 tt
731 4304 765 4341 ex
781 4291 803 4340 P
866 4291 896 4340 26
911 4295 1013 4356 λέγουσι
1027 4295 1079 4341 κτλ.
1095 4290 1130 4339 οί.
1144 4290 1229 4340 schol.
1244 4289 1290 4338 244
1310 4290 1331 4338 Β
1350 4291 1390 4354 (p.
1405 4289 1453 4340 270
1470 4291 1576 4352 Herm.)

485 4375 530 4425 NG
547 4373 561 4424 1
576 4391 639 4428 τινες
654 4385 707 4422 om.
721 4371 807 4421 schol.
820 4373 882 4428 τινές
893 4375 917 4421 Α
981 4373 995 4420 3
1012 4380 1041 4436 τῆ
1054 4376 1148 4436 κεφαλῇ
1161 4373 1187 4420 Μ
1203 4371 1269 4434 (jam
1280 4379 1436 4422 correxerat
1447 4376 1513 4435 Asrt

452 4448 466 4496 1
483 4441 621 4510 μαντεύειν]
638 4440 799 4507 μαντεύεσθαι
814 4445 847 4492 ΑΙ
911 4443 942 4492 13
958 4448 1017 4506 post
1030 4431 1142 4503 πολλῶν,Ι
1153 4444 1239 4493 sedin
1251 4444 1384 4508 margine,
1397 4447 1439 4495 καί
1453 4449 1575 4511 μεγίστων

453 4517 557 4568 addidit
575 4518 605 4565 A*
671 4515 700 4580 18
716 4517 747 4567 τά
763 4531 817 4566 om.
837 4516 864 4564 M
931 4515 961 4564 19
980 4512 1099 4565 Σιὸύλλαι
1116 4517 1156 4564 sic
1172 4515 1220 4578 ibi,
1237 4515 1309 4566 2001
1326 4515 1356 4564 25
1372 4515 1434 4565 libri
1497 4517 1526 4568 21
1547 4517 1576 4581 δὴ

454 4581 555 4641 om.'M
620 4589 650 4638 22
665 4586 738 4654 τρεῖς]
755 4591 805 4654 τρίς
825 4588 854 4637 Μ
873 4587 945 4654 (τρεῖς
965 4587 1088 4650 Gnsrrnrr)
1153 4587 1183 4636 24
1203 4605 1231 4652 γε
1252 4599 1306 4637 our.
1325 4586 1353 4635 M
1370 4587 1432 4651 αύτή
1447 4607 1475 4653 γε
1490 4592 1514 4638 Α

453 4662 484 4710 28
502 4666 553 4712 ἐστι
572 4661 598 4709 M
664 4659 692 4709 ³1
710 4663 752 4710 καὶ
770 4664 785 4722 ή
803 4659 878 4711 ούσία
900 4661 927 4708 M
993 4659 1023 4706 34
1042 4663 1242 4725 προσηγόρευται
1257 4662 1294 4708 Ar
1361 4659 1390 4708 35
1408 4671 1456 4722 pro
1472 4663 1577 4726 μανικὴν

454 4739 480 4782 et
493 4733 534 4792 95,
549 4732 561 4782 l
580 4731 698 4795 μαντικήν
713 4730 775 4796 lege
793 4735 883 4795 μανίαν
898 4737 925 4781 et
940 4733 1056 4793 μαντείαν
1071 4735 1101 4780 ut
1115 4730 1258 4792 sequeutia
1269 4729 1465 4794 intellegantur
