3600 5734
475 595 529 645 ΕΙΣ
550 595 611 646 TON
634 595 809 646 nmmos
831 595 973 648 ΦΑΙΔΡΟΝ
997 599 1117 650 ΣΧΟΛΙΑ
1317 605 1360 662 141

142 757 210 826 [136]
241 758 298 816 κὼς
317 753 363 811 καὶ
384 751 415 808 οὐ
435 739 567 830 στρατιάς,
589 751 619 806 τὸ
639 739 852 828 συντεταγμένον
870 751 961 807 αὐτῶν
979 753 1023 808 καί
1042 752 1139 808 ένιαῑον
1156 753 1201 807 καί
1219 754 1361 828 ἡνωμένον

241 851 395 925 σημαίνων.
418 851 503 929 Χορὸν
519 848 547 906 88
563 849 628 905 αὐτὸ
643 848 693 906 οθκ
707 848 834 907 ἐκάλεσεν
852 847 926 907 ἀλλά
944 851 1079 928 στρατιάν,
1097 851 1128 907 τὸ
1147 850 1363 929 ἀκαταγώνιστον

237 935 335 1020 δηλῶν
350 949 395 1006 καί
413 948 443 1004 τὸ
463 947 698 1027 συνεστραμμένον
717 948 762 1004 καί
780 947 811 1004 τὸ
832 947 900 1022 μετά
918 948 1057 1012 συντονίας
1071 969 1115 1004 και
1108 946 1280 1021 σπουδῆς’
1267 948 1363 1027 ἀναγά-

237 1053 336 1138 μενον.
357 1047 438 1103 Δί
411 1069 459 1122 μεν
477 1047 527 1126 γάρ
546 1048 669 1136 ποιήσεις
688 1045 825 1102 αθτῶναί
845 1046 912 1110 είςτ
897 1043 1173 1125 τάδεάτεραπαιδιαί
1192 1045 1326 1126 εἶ’·ρηνται
1343 1050 1360 1118 8

194 1131 269 1202 588
284 1144 362 1207 είς
337 1164 367 1200 το
382 1143 479 1214 νοητὸν
489 1141 580 1208 ἀνοδος
594 1165 703 1222 στρατιιρ
688 1141 886 1200 ἀπείκασται·
903 1140 1060 1199 σπουδαί
1030 1165 1086 1223 γαρ
1093 1145 1141 1200 αὖ
1132 1163 1169 1200 αι
1180 1141 1338 1218 μαλιστα
1306 1167 1362 1202 των

239 1247 326 1300 Βεῶν.
345 1242 437 1298 -Τδ
459 1239 486 1298 88
507 1237 640 1298 mr88r
647 1238 725 1298 δικα
745 1240 871 1319 μέρητί
894 1239 991 1318 βοάλετ
993 1263 1018 1298 αι
1038 1239 1230 1314 ἐνδείκνυσθαι;
1255 1241 1361 1314 Ρητέον

236 1338 288 1396 ’·οῧν
303 1341 340 1404 ὡς
355 1339 438 1396 δτι
409 1361 460 1410 την
474 1337 611 1396 δωδεκάδα
626 1339 727 1412 ταύτην
743 1337 860 1396 διεῖλε
847 1343 923 1420 διχῇ,
939 1337 968 1396 εί
970 1362 982 1404 ς
997 1360 1026 1396 τε
1045 1338 1149 1414 μονάδα
1163 1341 1235 1396 καίί
1222 1337 1360 1396 ένδεκάδα·

241 1435 304 1494 ἔνθα
324 1437 399 1516 λίγει
422 1427 511 1494 «κατ
517 1438 533 1493 ἀ
553 1425 669 1494 ἕνδεκα
692 1437 773 1518 μέρη
794 1423 1044 1530 κεκοσμημένη·
1066 1438 1157 1512 μένει
1178 1437 1237 1517 γάρ
1257 1421 1363 1495 ἘστίαΙ

239 1535 274 1592 ἐν
296 1541 382 1593 θεῶν
403 1557 434 1592 οι
426 1533 488 1610 ”κῳ
511 1536 607 1611 μάνη·
626 1559 640 1590 ν
662 1535 707 1592 καί
728 1533 864 1591 πάλιν’
834 1557 866 1590 αν
885 1539 967 1616 τριχῇ
990 1533 1076 1600 είςτε
1096 1533 1144 1592 880
1163 1534 1343 1610 μονάδας,
1314 1557 1363 1606 την

179 1644 209 1691 13
241 1643 292 1706 τῆς
305 1632 408 1699 Εστίας
422 1634 467 1691 κα
482 1655 532 1704 την
549 1633 621 1690 Δίων
625 1631 859 1709 οιθτιομιν
823 1655 911 1690 παντα
932 1633 1070 1712 ἀνάγει,ἣ
1091 1631 1119 1690 88
1137 1631 1273 1691 πάνταίδ
1244 1634 1360 1713 ίράζει·
1391 1633 1394 1646 ’

240 1734 285 1789 καὶ
309 1733 359 1802 τήν
384 1729 519 1789 δεκάδα’
504 1738 558 1789 τῶν
583 1731 688 1790 λοιπῶν
709 1732 852 1810 ἡγεμόνων
876 1729 980 1807 μονάδα
1002 1732 1102 1788 τινὰ
1087 1731 1244 1789 τελείαν
1214 1753 1295 1790 ουσαν
1316 1731 1362 1789 καί

241 1831 333 1902 αὐτήν.
350 1829 380 1886 Ἣ
395 1831 444 1906 μὶν
459 1829 505 1888 οδν
519 1831 554 1894 είς
571 1829 673 1906 μονάδα
682 1832 727 1887 καί
741 1829 867 1888 ένδεκάδα
883 1829 1010 1911 διαίρεσις
1028 1831 1156 1906 σημαίνει
1172 1831 1213 1888 δτι
1231 1838 1363 1913 μοναχῶς

244 1929 291 2003 μέν
305 1929 411 1987 ἵσταται
422 1931 455 1986 τά
468 1929 622 2008 πράγματα,
638 1927 821 1994 παντοδαπῶς
837 1927 865 1986 88
877 1929 1005 2007 ἀνάγεται
1017 1931 1061 1986 καί
1075 1930 1144 1986 κατὰ
1158 1915 1244 1993 πάσας
1260 1932 1362 1988 έαυτῶν

240 2029 287 2091 πάις
303 2026 443 2103 δυνάμεις·
463 2029 507 2084 καί
524 2027 574 2106 γάρ
593 2031 611 2098 8
633 2027 716 2102 μονάς
735 2028 808 2106 παρὰ
825 2027 856 2084 τὸ
877 2027 967 2102 μένειν
987 2025 1100 2100 ἐκλήθη·
1120 2028 1188 2086 καθὸ
1205 2010 1255 2108 γάρ
1276 2029 1361 2104 μονάς

139 2145 167 2197 p.
181 2132 227 2183 137
242 2129 259 2196 8
275 2126 360 2201 μονάς
374 2125 420 2182 καὶ
434 2125 501 2182 καθὸ
520 2125 525 2204 Ι
544 2121 647 2182 άπλοάν
662 2127 692 2182 τὸ
707 2125 824 2196 ἁπλοῦν,
842 2124 962 2201 οὐδαμοῦ
980 2129 1168 2198 κινηθήσεται.
1188 2125 1263 2183 Ἐπεί
1283 2125 1329 2184 οὖν
1347 2125 1362 2184 θ

239 2219 334 2286 ’ένδεκα
354 2219 412 2304 ἔχει
430 2223 475 2280 καί
496 2220 599 2298 μονάδα
617 2224 662 2280 καὶ
681 2220 779 2280 δεκάδα
803 2223 830 2280 ἐν
853 2223 951 2298 ἑαυτῷ,
970 2226 1022 2296 την
1044 2225 1092 2300 μέν
1113 2223 1362 2304 συνεσπειραμένως

239 2321 286 2378 καί
305 2321 412 2386 ένιαίως
427 2319 543 2402 ἔχουσαν
562 2323 669 2378 πάντων
683 2327 738 2378 τῶν
754 2322 876 2402 ἀριθμῶν
892 2324 925 2379 τά
942 2321 1014 2396 εἴδη,
1028 2325 1077 2395 τὴν
1091 2321 1120 2380 88
1134 2305 1362 2400 πεπληθυσμένως

240 2420 285 2476 καί
301 2418 507 2498 ἀνειλιγμένως,
524 2421 561 2484 ὡς
576 2419 701 2500 ἑκατέραν
718 2421 766 2496 μὲν
783 2420 849 2478 είναι
866 2419 987 2494 τελείαν,
1006 2421 1141 2503 ὁρίζεσθαι
1159 2421 1187 2478 88
1206 2421 1252 2478 καί
1268 2421 1298 2478 ἐκ
1314 2431 1364 2493 τῆς

243 2516 360 2593 μονάδος
374 2519 424 2587 τήν
440 2514 538 2575 δεκάδα
553 2516 629 2575 οὐδέν
645 2521 736 2591 ἦττον,
751 2516 794 2575 διά
807 2523 886 2576 τοῦτο
900 2520 981 2576 κατά
996 2517 1111 2577 ’ἕνδεκα
1126 2505 1211 2592 εἶπεν,
1228 2519 1285 2577 ἀντὶ
1300 2527 1361 2578 τοῦ·

178 2623 211 2674 20
239 2615 334 2682 τελεία
351 2615 439 2672 αὐτῶν
457 2615 559 2694 γίνεται
577 2619 595 2688 8
615 2616 658 2673 ἐπὶ
677 2615 708 2674 τὸ
725 2618 822 2690 νοητὸν
840 2615 947 2682 ἀνοδος.
969 2618 1018 2675 Καὶ
1032 2617 1082 2697 γὰρ
1098 2620 1143 2674 καί
1158 2619 1186 2674 αί
1200 2624 1305 2698 πρῶται
1320 2619 1364 2676 καί

242 2717 268 2770 αἱ
286 2714 365 2788 μέσαι
378 2714 424 2770 καί
439 2717 467 2771 αἱ
481 2714 634 2772 τελευταῖαι
649 2715 737 2772 αὐτῶν
753 2714 878 2791 δυνάμεις
892 2715 1043 2795 ἀνάγονται,
1059 2718 1104 2774 καί
1125 2714 1289 2795 ίνιδράονται
1309 2716 1365 2774 ἐκεῖ

241 2819 334 2876 πᾶσαι·
350 2814 395 2869 καί
410 2812 509 2870 ἐκεῖθεν
525 2809 724 2889 δυναμοάμενοι
743 2814 830 2882 οὕτως
850 2817 982 2893 ἡγοῦνται
998 2815 1044 2872 καί
1062 2820 1283 2895 προνοοῦσιτῶν
1302 2815 1362 2891 μεθ’

242 2910 362 2980 ίαυτοάς.
383 2910 504 2969 '8888'
483 2933 520 2976 εις
542 2911 611 3026 τρία
626 2910 752 2991 διίαρεσις
774 2910 816 2976 είς
835 2933 865 2970 τε
888 2911 992 2987 μονάδα
1012 2914 1057 2969 καί
1079 2911 1176 2972 δεκάδα
1196 2915 1240 2972 καὶ
1260 2911 1363 2989 μονάδα

242 3008 369 3084 σημαίνει
387 3008 513 3065 δτιπάν
504 3031 531 3064 α
546 3007 661 3066 εάἀντα
679 3029 724 3065 και
741 3009 815 3084 μίινε
830 3031 857 3066 εν
872 3010 1047 3073 τοςέαιτων
1062 3011 1167 3085 αίτιοις,
1183 3031 1229 3067 κα
1242 3010 1364 3089 πρόεισιν

178 3112 209 3162 25
242 3107 288 3163 ἀπ’
309 3107 357 3162 σθ’
348 3113 408 3179 ὢν,
426 3108 471 3163 καὶ
491 3109 650 3225 ὑποστρέφει
668 3106 751 3164 πάλιν
770 3108 851 3173 είς
824 3105 903 3165 τασί
903 3129 956 3178 τια,
973 3110 1017 3166 καί
1036 3109 1074 3174 είς
1094 3109 1141 3173 τάς
1159 3099 1257 3172 οἰκείας
1276 3101 1362 3190 ἀρχάς

243 3205 419 3264 ἀνατείνεται.
437 3205 486 3262 Καὶ
501 3204 543 3262 οια
559 3227 607 3282 μεν
621 3228 672 3276 της
688 3205 816 3270 Εστίας
802 3227 966 3282 ομονιμον
979 3229 1023 3263 κα
1038 3229 1127 3265 ατιον
1142 3228 1193 3279 της
1210 3205 1364 3286 ἐνιδράσεως

243 3302 332 3360 αθτῶν
351 3299 496 3378 λαμθάνει·
516 3301 560 3360 διὰ
578 3301 607 3359 88
622 3309 669 3361 τοῦ
685 3305 745 3368 Διὸς
762 3305 812 3374 τήν
829 3303 916 3360 αίτίαν
932 3313 984 3377 τῆς
1002 3307 1174 3386 ὑποστροφῆς
1190 3306 1235 3362 καὶ
1253 3303 1362 3378 ἀνόδου,

244 3397 286 3458 διά
300 3398 329 3457 88
342 3410 393 3473 τῆς
408 3399 506 3473 λοιπῆς
520 3398 663 3472 δεκαδικῆς
679 3399 794 3476 μονάδος
807 3405 857 3474 τὴν
872 3401 958 3458 αἰτίαν
970 3411 1020 3474 τῆς
1035 3399 1232 3482 δημιουργικῆς
1246 3400 1364 3482 προόδου
1414 3393 1417 3398 ’

238 3495 435 3580 ,λαμθάνουσικ
457 3499 487 3556 ‘fl
506 3501 558 3580 γάρ
575 3498 692 3581 πρόοδος
708 3501 754 3557 καὶ
775 3502 789 3556 ὁ
808 3502 940 3581 μερισμὸς
956 3503 987 3557 τὸ
1007 3499 1234 3576 πεπληθυσμένον
1255 3489 1364 3576 μᾶλλον

180 3603 211 3654 30
243 3596 405 3656 ἐνδείκνυται
426 3599 471 3656 καί
493 3598 579 3656 αὐτῶν
602 3599 648 3655 καί
670 3605 726 3656 τῶν
750 3605 831 3655 Διῶν·
854 3598 925 3657 ἀλλο
950 3599 1000 3680 γάρ
1025 3597 1120 3664 άλλως
1145 3597 1188 3657 ὑπ’
1211 3597 1299 3657 άλλου
1324 3600 1363 3664 είς

242 3698 273 3754 τὸ
294 3697 363 3754 εἶναι
379 3687 495 3777 πάρεισι)
517 3698 615 3761 πάντες
638 3699 687 3772 μέν
707 3697 758 3778 γάρ
778 3697 871 3754 πάντα
884 3704 1018 3771 ποιοῦσιν,
1041 3695 1102 3756 ἀλλ’
1125 3699 1231 3764 οἰκείως
1251 3695 1363 3762 ’έκαστος

242 3795 311 3852 κατὰ
331 3798 381 3865 τὴν
399 3797 493 3852 ἑαυτοῦ
515 3793 650 3868 ἰδιότητα.ι
671 3793 730 3852 Ἐάν
752 3794 780 3852 88
802 3796 901 3875 λέγωσί
921 3818 993 3860 τινες
1014 3795 1116 3854 Ἑστίαν
1136 3797 1275 3866 εἶναιτὴν
1296 3805 1362 3874 γῆν,

243 3893 329 3952 ίστέον
343 3891 384 3970 ἀεὶ
396 3895 434 3960 ὡς
449 3893 519 3951 κατά
534 3887 640 3969 μέθεξιν
653 3885 762 3974 λέγεται
777 3895 823 3952 καί
837 3881 949 3975 ἄγαλμα
962 3893 1119 3953 τελευταῖον
1134 3895 1231 3972 αὐτῆς,
1247 3893 1304 3952 θπεὶ
1317 3895 1363 3952 καὶ

243 3999 357 4050 κινεῖται
376 3995 394 4063 8
417 4000 467 4071 γῆ·
490 3990 557 4050 ἀλλά
576 3993 645 4052 κατὰ
667 3993 698 4048 τὸ
723 3991 882 4076 ἐπικρατοῦν
904 3991 1018 4053 ’ἕκαστον
1040 3991 1160 4073 λέγεται·
1185 3992 1241 4051 ἐπεί
1261 3992 1310 4050 κάν
1333 3992 1363 4049 τὸ

180 4095 211 4144 35
243 4089 352 4171 κέντρον
371 4090 436 4148 αὐτὸ
455 4099 506 4162 τῆς
521 4099 574 4170 γῆς
592 4089 720 4170 λέγωμεν
735 4089 851 4163 Ἑστίαν,
869 4089 918 4148 κάν
931 4091 994 4156 τοὺς
1011 4091 1122 4162 πάλους,
1138 4089 1187 4148 κάν
1205 4093 1255 4162 την
1270 4087 1364 4147 οθσίαν

276 4337 337 4389 ΤίΤ
354 4339 384 4388 32
398 4349 450 4397 πῶς
467 4339 556 4389 Ἓστιά
571 4341 587 4401 ἡ
602 4345 633 4402 γῆ
648 4337 668 4387 C
731 4337 761 4387 ³4
778 4341 888 4398 ζωτικῶς
902 4342 1005 4410 κινεῖται
1018 4336 1039 4386 C

277 4476 324 4526 NG
344 4477 359 4527 2
376 4475 515 4541 σημαίνων]
532 4478 647 4539 σημαίνει
669 4477 695 4525 Μ
761 4475 878 4528 ἐκάλεσεν
898 4490 931 4527 ex
952 4475 1073 4528 ἐκάλεσαν
1091 4478 1115 4525 Α
1134 4477 1137 4484 ’
1179 4473 1208 4525 11
1228 4477 1312 4527 τελέαν
1334 4474 1364 4524 Μ

306 4547 337 4598 13
353 4547 397 4600 οὖν
416 4561 470 4614 om.
490 4548 516 4596 M
581 4548 612 4596 15
628 4546 653 4612 ἡ]
669 4547 684 4611 ἢ
701 4547 729 4597 Μ
746 4547 811 4609 (iam
830 4555 985 4598 correxerat
1001 4549 1084 4638 Αείγ*
1132 4545 1163 4596 22
1181 4543 1366 4610 δυναμούμενοι

240 4619 338 4684 'scripsi
355 4634 361 4668 τ
379 4617 565 4684 δυναμούμεναι
585 4617 647 4669 libri
709 4619 753 4668 22-
756 4619 786 4668 23
805 4621 855 4684 μεθ’
877 4618 990 4684 ἑαυτοὺς]
1013 4621 1063 4685 ματ
1084 4617 1174 4678 αὐτοὺς
1196 4618 1223 4668 Μ
1288 4618 1366 4670 24τά

245 4691 304 4744 ὄντα
317 4703 372 4742 om
384 4690 453 4740 Μ
476 4689 547 4740 26
523 4707 566 4753 μεν
576 4703 631 4740 om
643 4689 671 4739 Μ
739 4689 855 4755 μόνιμον]
865 4695 968 4755 γόνιμον
986 4690 1013 4739 Μ
1075 4689 1109 4738 30
1123 4691 1182 4740 διων
1198 4691 1220 4738 Α
1236 4688 1272 4739 σί.
1287 4689 1366 4792 138,4

307 4763 337 4814 ³⁴
352 4763 570 4830 λίγεταιέκαστον
586 4761 613 4811 Μ
679 4761 708 4812 ³5
723 4767 751 4813 et
765 4761 820 4821 142
836 4762 973 4826 3λέγομεν
987 4760 1040 4810 ΕΜ
1110 4789 1112 4796 ,
