3660 5686
439 668 471 720 86
537 713 540 720 ,
822 655 964 710 mmor
984 656 1181 708 ΦΙΛΟΣΟΦΟΥ

343 824 408 891 [104]
443 817 465 874 εί
482 815 510 872 δέ
528 816 574 872 καὶ
594 814 760 890 ἐπιθυμήσας
779 835 818 878 τις
836 809 918 896 ἔφαγέ
936 835 961 870 τι
981 815 995 871 δ
1015 814 1180 896 ἀπηγόρευεν
1196 819 1210 874 ό
1227 817 1323 896 λόγος,
1343 815 1457 890 κᾷταέκ
1473 839 1562 898 παρα-

440 909 517 980 δόξου
533 912 649 992 ῦγίανεν,
665 910 754 976 είποις
770 911 801 968 ἀν
815 913 859 968 καὶ
873 913 922 983 τήν
937 911 1080 987 ἐπιθυμίαν
1095 913 1321 972 ίντεθουσιακέναι
1337 913 1472 994 ἀμυδρῶς·
1492 914 1561 973 ὥστε

439 1013 543 1091 γίνεται
554 1012 599 1068 καὶ
612 1012 672 1090 περὶ
686 1010 719 1067 τά
732 1008 805 1068 ἀλλα
821 1010 901 1090 μόρια
916 1017 967 1082 τῆς
982 1013 1074 1090 ψυχῆς
1090 1011 1294 1088 ἐνθουσιασμός.
1312 1011 1340 1068 ‘0
1358 1011 1448 1088 μέντοι
1461 1012 1561 1094 κυρίως

440 1113 485 1168 καὶ
499 1109 609 1183 ἀληθῶς
624 1109 815 1185 ἐνθουσιασμός
831 1108 913 1179 ἐστιν,
930 1109 994 1166 όταν
1009 1109 1040 1166 τὸ
1053 1109 1081 1167 ἓν
1094 1115 1175 1168 τοῦτο
1188 1111 1220 1168 τό
1237 1111 1302 1192 ὑπέρ
1322 1116 1383 1168 νοῦν
1400 1119 1451 1183 τῆς
1470 1115 1562 1191 ψυχῆς

394 1218 409 1268 5
441 1210 608 1288 ἀνεγείρηται
623 1209 690 1287 πρὸς
708 1207 770 1273 τοῦς
786 1206 868 1273 Ξιεοῦς
888 1209 932 1263 καὶ
952 1207 1051 1266 ἐκεῖθεν
1067 1207 1233 1281 έπιπνέηται·
1250 1207 1351 1266 ἀλλοτε
1369 1207 1398 1266 δέ
1412 1208 1456 1266 ὑπ’
1471 1207 1563 1267 ἀλλων

440 1309 584 1388 κατέχεται
599 1312 675 1366 θεῶν
692 1307 763 1386 παρά
781 1307 828 1371 τάς
849 1305 1068 1379 έπιτηδειότητας
1088 1307 1194 1381 ἑαυτοῦ,
1218 1306 1326 1383 μᾶλλον
1344 1307 1373 1364 δέ
1390 1309 1436 1365 καὶ
1453 1303 1565 1365 ἔλαττον

440 1406 587 1487 κατέχεται
606 1405 671 1462 όταν
688 1407 702 1462 ό
721 1409 783 1468 νοῦς
803 1404 822 1481 ᾗ
839 1405 854 1460 ὁ
869 1405 1029 1480 κινούμενος
1050 1404 1183 1478 ἢ<ή>
1196 1404 1308 1466 διάνοια.
1323 1403 1427 1486 Ὠσπερ
1441 1405 1488 1464 οῦν
1503 1405 1566 1464 όταν

442 1503 605 1588 φιλοσοφίαν
619 1503 661 1568 τίς
678 1502 733 1560 ἐστι
746 1505 885 1578 ζητῶμεν,
901 1505 939 1578 μή
954 1499 1214 1583 ἀκριόολογοόμενοι
1227 1504 1254 1562 δε
1269 1503 1342 1563 ἀλλά
1355 1504 1566 1585 καταχρώμενοι

441 1601 585 1679 πολλάκις,
605 1601 651 1658 καὶ
670 1601 719 1672 τήν
737 1603 928 1677 μαθηματικὴν
946 1601 963 1672 θ,
982 1604 1031 1674 τήν
1051 1605 1164 1682 φυσικήν
1183 1603 1201 1674 ή
1220 1605 1269 1675 τὴν
1288 1605 1387 1675 ἠθικὴν
1407 1601 1566 1686 φιλοσοφίαν

380 1706 411 1758 10
442 1724 470 1760 τε
490 1701 535 1758 καὶ
553 1699 706 1774 ίπιστήμην
727 1698 874 1775 καλοῦμεν,
896 1699 968 1757 οῦτω
989 1699 1021 1772 δὴ
1043 1701 1087 1758 καὶ
1106 1700 1148 1757 ἐπὶ
1166 1707 1214 1758 τοῦ
1233 1701 1438 1777 ἐνθουσιασμοῦ.
1462 1699 1566 1758 Ἐνθου-

443 1798 556 1874 σιασμδν
571 1797 621 1878 γάρ
642 1796 775 1873 εἰώθαμεν
796 1795 883 1876 λέγειν
905 1797 956 1855 κάν
978 1801 996 1870 ή
1022 1797 1152 1880 φαντασία
1172 1799 1191 1870 ᾖ
1212 1803 1230 1871 ἡ
1247 1797 1404 1875 κινουμένη.
1423 1799 1454 1855 Οί
1475 1799 1567 1880 μέντοι

442 1899 488 1954 τόν
521 1896 711 1971 ἐνθουσιασμὸν
745 1895 854 1975 κράσεσι
888 1896 1021 1972 σωμάτων
1060 1896 1221 1963 ἀνατιθέντες
1255 1897 1274 1968 θ
1304 1897 1382 1978 ἀέρος
1416 1897 1565 1977 εὐκρασίαις

443 1996 461 2066 ἢ
489 1993 690 2069 ἀναθυμιάσεων
721 1992 859 2076 διαφοραῖς
889 1993 908 2064 ή
938 1995 984 2052 καί
1014 2000 1116 2075 καιρῶν
1143 1995 1161 2066 ἣ
1187 1995 1278 2052 τόπων
1310 1991 1520 2067 ἐπιτηδειότησιν
1546 1995 1566 2065 ἢ

444 2093 489 2149 καὶ
507 2097 542 2169 τῇ
562 2097 616 2149 τῶν
643 2089 703 2149 κατ’
723 2091 836 2172 οῦρανόν
858 2091 1014 2178 περιιόντων
1039 2095 1159 2166 ποιήσει,
1185 2093 1218 2150 τὰ
1245 2092 1367 2150 συναίτια
1394 2091 1495 2168 μᾶλλον
1520 2092 1566 2150 καὶ

382 2200 412 2252 15
446 2191 523 2249 ὑλικά
546 2196 593 2248 τοῦ
618 2191 776 2270 πράγματος
805 2189 874 2272 ἥπερ
898 2191 930 2248 τά
958 2189 1033 2249 αίτια
1059 2192 1092 2248 τά
1116 2193 1217 2272 κυρίως
1243 2189 1377 2271 λέγουσιν.
1402 2191 1497 2274 Ἔχεις
1523 2188 1569 2248 οῦν

444 2293 588 2362 ποιητικήν
609 2289 658 2366 μίν
677 2290 761 2347 αίτίαν
778 2294 826 2346 τοῦ
847 2288 1042 2366 ἐνθουσιασμοῦ
1057 2290 1121 2356 τοῦς
1139 2290 1234 2372 θεοὺς,
1256 2289 1353 2362 ῦλικήν
1371 2289 1400 2347 δέ
1416 2289 1500 2360 αὐτὴν
1517 2289 1568 2360 τήν

446 2389 622 2448 ἐνθουσιῶσαν
644 2390 736 2471 ψυχὴν
755 2389 774 2460 ή
795 2387 842 2446 καὶ
862 2389 895 2446 τδι
916 2387 1013 2455 ἔξωθεν
1034 2385 1174 2465 σίμόολα,
1197 2388 1298 2461 είδικήν
1321 2387 1350 2446 δέ
1370 2389 1420 2458 τήν
1443 2388 1473 2446 ὲκ
1494 2392 1568 2446 θεῶν

446 2487 583 2546 ἐπίπνοιαν
604 2489 665 2568 περὶ
685 2487 716 2544 τό
734 2487 763 2544 έν
784 2487 814 2544 τὸ
834 2495 883 2559 τῆς
903 2491 1007 2570 ψυχῆς,
1030 2487 1136 2560 τελικήν
1156 2487 1184 2545 δέ
1204 2488 1234 2545 τὸ
1257 2487 1364 2566 ἀγαθόν.
1389 2483 1460 2544 Ἀλλ’
1484 2486 1507 2543 εί
1527 2485 1569 2542 ἀεὶ

449 2585 592 2665 βούλονται
604 2585 636 2642 τά
648 2585 734 2664 ἀγαθά
747 2590 781 2662 τῇ
794 2589 870 2666 ψυχῇ
885 2587 912 2643 οἱ
925 2585 1000 2658 θεοὶ,
1014 2585 1057 2644 διά
1069 2586 1095 2642 τί
1110 2588 1148 2661 μή
1163 2584 1203 2644 ἀεὶ
1217 2585 1357 2659 ένθουσιᾷ;
1372 2583 1409 2640 Ἢ
1424 2583 1570 2662 βοόλονται

384 2691 416 2744 20
448 2686 499 2761 μέν
513 2684 581 2761 αὐτῇ
600 2683 633 2741 τά
651 2683 747 2766 ἀγαθά,
767 2683 914 2762 βούλονται
933 2683 961 2742 δέ
978 2685 1024 2742 καὶ
1041 2687 1091 2756 τήν
1109 2689 1157 2741 τοῦ
1175 2685 1276 2749 παντὸς
1298 2683 1370 2749 τάξιν
1386 2687 1505 2762 κρατεῖν·
1525 2683 1570 2740 καὶ

447 2784 514 2854 αῦτὴ
530 2783 558 2841 δέ
571 2783 620 2841 οῦκ
634 2782 674 2840 ἀεὶ
688 2781 825 2856 ἐπιτηδεία
841 2783 895 2840 ἐστὶ
909 2781 952 2840 διὰ
965 2782 1071 2848 πολλάς
1087 2783 1184 2848 αίτίας·
1201 2781 1295 2862 διόπερ
1309 2781 1359 2839 οῦκ
1373 2780 1415 2839 ἀεὶ
1434 2781 1567 2853 ἐνθουσιᾷ.

447 2882 522 2948 Τινὲς
537 2881 565 2940 δέ
580 2880 690 2961 λέγουσι
703 2885 752 2954 τήν
766 2880 921 2952 τελεστικὴν
936 2881 1000 2964 ἀχρι
1021 2888 1067 2939 τοῦ
1086 2883 1136 2940 ὑπὸ
1154 2879 1270 2953 σελήνην
1286 2880 1401 2962 φθάνειν·
1420 2882 1442 2938 εί
1458 2880 1507 2955 μὶν
1523 2877 1570 2936 οῦν

449 2983 520 3039 οὕτω
539 2980 665 3060 λέγουσιν
685 2981 726 3038 ότι
745 2979 820 3038 οῦδὲν
838 2986 892 3037 τῶν
910 2981 974 3060 ὑπέρ
994 2981 1114 3053 σελήνην
1132 2982 1177 3038 καί
1195 2980 1329 3061 οὐρανίων
1351 2981 1388 3044 είς
1407 2979 1453 3036 τὸν
1473 2979 1570 3036 ὑποτέ-

449 3079 532 3152 ληνον
552 3079 636 3137 τόπον
658 3079 772 3159 ἐνεργεῖ,
796 3078 916 3160 ἐναργῶς
939 3077 1025 3136 ἀτοπα
1046 3077 1181 3157 λέγουσιν·
1202 3079 1224 3135 εί
1246 3075 1275 3134 δὲ
1288 3076 1336 3133 ’ότι
1355 3078 1381 3135 οί
1399 3076 1521 3134 τελευταὶ
1540 3075 1570 3132 οῦ

386 3185 416 3236 25
450 3178 574 3236 δύνανται
592 3179 657 3258 ῦπὶρ
676 3179 726 3248 τήν
744 3177 907 3250 σεληνιακήν
927 3183 1039 3259 σφαῖραν
1056 3175 1206 3258 ἐνεργῆσαι,
1228 3176 1342 3256 ἐροῦμεν
1361 3175 1412 3246 ότι,
1435 3176 1457 3232 εἷ
1478 3175 1527 3250 μέν
1543 3176 1570 3230 αί

448 3273 542 3350 λήξεις
561 3282 614 3334 τῶν
633 3280 729 3357 ψυχῶν
746 3283 829 3333 πᾶσαι
848 3275 1010 3347 ῦποσέληνοί
1030 3277 1106 3346 εἰσιν,
1123 3275 1230 3347 ἀληθής
1248 3274 1336 3332 αὐτῶν
1352 3270 1424 3331 ἔσται
1441 3275 1456 3330 θ
1473 3273 1569 3352 λόγος,

449 3376 473 3434 εί
493 3373 522 3432 δέ
540 3376 591 3432 είσι
610 3370 704 3448 λήξεις
720 3378 818 3456 ψυχῶν
836 3374 882 3430 καί
903 3375 967 3454 ὑπὲρ
986 3372 1105 3446 σελήνην
1124 3372 1230 3452 (ῶσπερ
1247 3371 1294 3430 οῦν
1313 3372 1389 3430 εἰσιν·
1409 3375 1437 3429 αἳ
1454 3357 1504 3447 μέν
1521 3371 1572 3451 γάρ

449 3474 531 3545 ἡλίου
544 3471 642 3531 ὀπαδοί
659 3473 734 3544 εἰσιν,
751 3474 779 3529 αθ
792 3471 821 3530 δέ
840 3470 969 3544 σελήνης,
990 3473 1017 3530 αἳ
1036 3470 1064 3528 δέ
1083 3471 1196 3550 Κρόνου·
1220 3469 1352 3549 ἐ’σπειρι
1373 3470 1424 3549 γάρ
1444 3469 1492 3534 τάς
1514 3470 1571 3544 μέν

450 3574 495 3636 είς
518 3580 590 3650 γῆν,
613 3571 661 3636 τάς
683 3570 711 3628 δέ
734 3571 773 3634 είς
795 3569 885 3643 ἥλιον,
907 3569 954 3635 τάς
976 3568 1004 3627 δέ
1026 3568 1112 3634 ἀλλας
1133 3567 1282 3650 ἀλλαχοῦ),
1304 3567 1413 3625 δυνατὸν
1431 3563 1504 3624 ἔσται
1522 3569 1571 3638 τήν

388 3678 419 3730 θθ
450 3672 543 3752 ψυχὴν
557 3671 602 3727 καί
617 3669 681 3749 ὑπέρ
696 3668 817 3741 σελήνην
832 3667 985 3749 ἐνεργῆσαι.
1003 3665 1089 3748 Ὅπερ
1102 3669 1153 3747 γὰρ
1173 3671 1191 3739 ἡ
1210 3665 1262 3739 όλη
1278 3663 1351 3732 τάξις
1371 3665 1439 3742 αὐτῇ
1458 3666 1573 3745 παρέχει

413 4017 417 4027 ,
453 3965 503 4023 οῦκ
523 3962 554 4021 άν
576 3985 642 4021 ποτε
666 3962 841 4044 ίνεργήσειεν,
867 3961 930 4043 ἀχρι
952 3961 980 4018 δέ
1002 3969 1053 4034 τῆς
1080 3963 1176 4034 ἑαυτῆς
1201 3954 1308 4033 λήξεως
1334 3959 1503 4038 ένεργήσειεν
1529 3954 1571 4013 ἀν·

484 4155 516 4206 28
535 4156 570 4206 τί.
591 4153 661 4205 Tim.
675 4153 705 4205 42
721 4154 744 4204 D

486 4271 548 4324 TIT
563 4269 595 4322 19
610 4273 704 4340 ἀπορία
718 4273 743 4320 Α

488 4385 534 4435 ΝΟ
554 4384 568 4435 l
589 4382 621 4449 τι]
640 4403 666 4435 τε
686 4384 714 4432 Μ
780 4383 952 4449 ἀπηγόρευσεν
978 4381 1006 4430 Μ
1071 4379 1395 4444 4κιι1άληθῶςυω.Μ
1459 4377 1574 4444 θπαρά]

456 4460 511 4524 περὶ
529 4457 568 4516 Μ,
588 4455 721 4506 anmi?
785 4452 940 4517 madidi
1002 4451 1192 4504 οῦνθῐνῦνΑ
1255 4449 1360 4515 θ’ἢτὴν
1375 4449 1463 4514 ἠθικὴν
1478 4448 1574 4498 om.M

517 4527 548 4579 13
570 4526 708 4594 διαφοραῖς]
728 4527 865 4593 ἀναφοραῖς
882 4525 910 4574 Μ
975 4522 1006 4574 14
1025 4527 1160 4591 περιόντων
1179 4527 1203 4573 Α
1225 4532 1287 4574 ante
1306 4520 1416 4573 emend.
1438 4527 1466 4572 ει
1484 4521 1513 4569 Μ

457 4599 557 4664 ποιήσει
575 4603 734 4662 corruptum
751 4597 876 4647 videtur:
892 4595 1006 4647 θοειεεεε
1019 4594 1145 4658 πολήσειθ
1209 4595 1239 4644 15
1255 4595 1286 4646 τὰ
1296 4601 1360 4644 ante
1369 4597 1462 4661 κυρίως
1476 4606 1530 4643 om.
1545 4592 1574 4641 M

520 4671 550 4721 19
572 4667 710 4737 βούλωνται
729 4669 762 4718 Α1
827 4668 858 4719 22
878 4666 975 4733 φθάνειν
994 4664 1139 4731 pervenire
1160 4665 1205 4730 (ot.
1227 4665 1316 4716 Ρευτ.
1335 4665 1406 4716 Mor.
1424 4663 1470 4714 ³38
1488 4667 1513 4726 a)

457 4742 489 4793 28
507 4744 597 4794 ὀπαδοί
616 4742 643 4791 Μ
709 4743 817 4807 ίσπιιρε,
836 4751 870 4792 ex
890 4738 1006 4790 Platone
1023 4736 1111 4790 intell.
1134 4737 1319 4806 θόημιουργός
1383 4735 1413 4786 θθ
1429 4734 1473 4800 τὴν
1490 4734 1576 4804 ψυχὴν

459 4825 494 4868 ex
508 4820 538 4888 τῇ
553 4817 622 4892 ψυχῇ
637 4814 661 4862 Α
