3660 5686
522 581 576 640 ΕΙΣ
597 590 658 640 TON
682 585 858 642 [ΙΛΛΤΩΝΟΣ
878 592 1021 644 ΦΑΙΔΡΟΝ
1045 591 1168 645 Exoffl
1374 603 1404 653 95

183 743 251 809 ,ῚθθΙ
286 741 428 814 μαντικήν·
452 739 520 820 ὅπερ
544 738 630 816 όνομα
655 739 698 822 [τό
720 750 770 814 τῆς
796 740 906 823 μανίας]
932 735 1107 818 ἐμπλέξαντες
1129 745 1165 809 είς
1185 744 1215 801 τὸ
1238 752 1286 817 τῆς
1306 743 1405 825 τέχνης

283 836 367 916 ὄνομα
396 841 536 916 μανικὴν
563 841 613 910 τήν
646 839 747 921 τέχνην
779 840 917 898 ἐκάλεσαν·
947 845 973 898 οἱ
1004 840 1147 919 [παλαιοί]
1182 839 1210 898 δέ
1242 843 1403 920 μεταγενέσ-

282 962 352 1018 τεροι
381 940 431 996 ὑπὸ
460 938 652 1018 ἀπειροκαλίας
680 941 842 1019 προσέθεσαν
862 941 891 996 τὸ
909 929 931 995 ’τ’
949 947 1093 1021 στοιχεῖον,
1117 936 1280 1021 ροόηθέντες
1303 941 1333 996 τό
1354 948 1403 1012 τῆς

284 1041 377 1115 μανίας
399 1035 495 1112 όνομα.
521 1039 571 1094 Καί
595 1037 696 1118 κυρίως
717 1044 757 1112 τῷ
778 1036 1010 1118 ἀπειροκάλως
1039 1038 1185 1118 ἐχρήσατο·
1211 1037 1275 1094 αὐτὸ
1299 1039 1351 1117 γὰρ
1374 1038 1404 1094 τὸ

235 1138 250 1186 5
281 1138 365 1195 καλὸν
380 1136 487 1217 ἔχοντες
503 1135 636 1212 ὄνοματὸ
650 1145 698 1207 τῆς
712 1137 823 1212 μανίας,
842 1137 947 1216 ἀπειρία
961 1143 1008 1194 τοῦ
1022 1137 1109 1194 καλοῦ
1122 1137 1261 1215 ἠγνόησαν
1274 1137 1305 1193 τό
1318 1136 1405 1193 καλὸν

282 1241 329 1292 τοῦ
349 1235 495 1310 ὀνόματος.
513 1232 572 1290 Ὅτι
590 1233 617 1291 δέ
637 1236 663 1290 οἱ
681 1232 793 1291 παλαιοί
808 1237 857 1306 τήν
871 1235 953 1292 Ξιείαν
969 1237 1098 1310 μαντικὴν
1115 1237 1257 1310 μανικὴν
1278 1232 1403 1312 ἐκάλουν,

281 1337 325 1392 καί
344 1335 374 1392 ἐκ
391 1340 439 1392 τοῦ
458 1335 644 1408 ἀντικειμένου
660 1331 745 1404 δῆλον
762 1334 878 1412 γίνεται·
895 1333 1025 1414 τὴνγάρ
1042 1339 1105 1390 τῶν
1125 1334 1310 1414 έμρρόνων,
1327 1336 1403 1415 ρησί,

283 1437 419 1506 ζήτησιν
434 1439 490 1490 τοῦ
506 1432 698 1508 μέλλοντος,
716 1433 836 1489 τουτέστι
853 1434 902 1503 τήν
916 1432 1089 1510 ἀνθρωπίνην
1106 1439 1193 1488 πᾶσαν
1210 1436 1339 1506 μαντικὴν
1355 1436 1405 1504 τὴν

283 1534 474 1614 στοχαστικήν,
499 1531 560 1602 ἥτις
584 1531 652 1587 κατὰ
674 1533 723 1601 τὴν
744 1530 879 1609 ἡμετέραν
904 1530 1033 1610 ρρόνησιν
1054 1533 1135 1604 ἡμῶν
1161 1529 1337 1610 ένεργοῦντων
1358 1532 1405 1588 καί

217 1631 249 1687 10
282 1631 433 1701 ζητοῦντων
455 1629 558 1708 γίνεται
581 1629 646 1706 (οἷαί
669 1629 733 1685 είσιν
756 1629 832 1685 αῦται
852 1631 880 1684 αί
901 1625 944 1684 διὰ
963 1629 1121 1703 σημείων,
1138 1629 1176 1693 ὡς
1196 1629 1403 1708 ἀστεροσκοπία,

282 1727 463 1784 οίωνοσκοπία
477 1731 495 1798 ἡ
508 1733 554 1784 νῦν
569 1727 720 1806 λεγομένη,
735 1730 753 1798 ἡ
771 1724 814 1782 διὰ
827 1731 881 1782 τῶν
896 1726 1003 1782 οἰωνῶν
1015 1728 1060 1782 καί
1075 1725 1185 1807 όρνεων,
1203 1727 1403 1807 σπλαγχνοσκο-

280 1826 340 1904 πία,
363 1815 530 1901 συμόολικὴ,
550 1827 595 1881 καὶ
614 1827 642 1882 αί
663 1824 782 1902 ὅμοιαι),
801 1822 895 1895 ἐπειθίΙ
912 1824 941 1881 ἐκ
955 1830 1009 1881 τιῦν
1026 1831 1109 1904 τριῶν
1123 1825 1226 1882 τούτων
1242 1829 1404 1906 συνεκρότη-

281 1929 377 1998 θησαν,
394 1926 548 1996 οἰήσεως,
572 1928 639 1996 νοῦ,
660 1923 807 2002 ίστορίας
824 1919 930 2004 (έχουσι
944 1924 995 2003 γὰρ
1009 1924 1039 1979 τὸ
1056 1923 1105 1998 μέν
1118 1946 1144 1979 τι
1160 1923 1188 1980 ἐκ
1202 1933 1252 1996 τῆς
1268 1928 1404 2004 ἡμετέρας

281 2025 423 2094 οἰήσεως
438 2024 483 2078 καί
500 2029 672 2104 στοχασμοῦ,
690 2022 760 2101 παρὸ
779 2023 824 2078 καί
840 2021 986 2100 ἀποτυχίαι
1000 2023 1118 2100 γίνονται
1133 2020 1323 2095 πολλάκις,,τὸ
1339 2021 1367 2080 δέ
1381 2046 1406 2080 τι

216 2128 247 2179 15
281 2121 395 2178 ἀπὸτοῦ
412 2126 470 2192 νοῦ,
487 2118 617 2177 ἀδύνατον
632 2121 684 2199 γάρ
699 2118 761 2176 ἀνευ
774 2124 821 2176 τοῦ
835 2117 955 2176 καθόλου
970 2119 1067 2199 τέχνην
1083 2129 1223 2194 συστῆναι,
1239 2121 1268 2177 τὸ
1282 2119 1310 2178 δέ
1322 2143 1347 2178 τι
1361 2123 1407 2178 καί

281 2218 333 2275 ἀπὸ
355 2219 505 2297 ίστορίας
530 2216 634 2298 έχουσι,
655 2219 775 2274 τουτέστι
795 2217 903 2297 πείρας,
927 2217 1017 2296 ὥσπερ
1037 2215 1069 2289 δὴ
1091 2219 1136 2274 καί
1157 2224 1279 2275 ποιοῦσιν
1299 2221 1325 2275 οἱ
1345 2211 1403 2297 τὰςΙ

164 2333 194 2383 p.
210 2317 261 2369 110
280 2318 373 2397 πείρας
383 2315 606 2395 ἀναγράψαντες),
623 2316 656 2372 τά
670 2315 731 2396 τρία
743 2321 826 2372 ταῦτα
839 2318 865 2372 οί
880 2313 992 2372 παλαιοί
1007 2316 1127 2390 ὀνόματα
1141 2313 1255 2387 οίησιν
1269 2317 1314 2372 καί
1332 2323 1407 2373 νοῦν

279 2415 324 2469 καί
343 2415 493 2493 ἱστορίαν
513 2413 674 2478 έντείναντες
694 2415 732 2477 είς
750 2414 778 2470 ἓν
799 2411 899 2489 ἀνομα,
922 2413 1151 2485 οίονοϊστικὴν
1167 2413 1251 2485 αὐτὴν
1267 2416 1406 2494 προσηγό-

281 2533 387 2591 ρευσαν,
404 2519 489 2568 πᾶσαν
510 2515 691 2592 στοχαστικήν
710 2514 755 2568 καὶ
776 2513 945 2591 ἀνθρωπικήν
965 2512 1063 2592 τέχνην
1085 2513 1316 2583 οίονοϊστικήν
1338 2534 1406 2592 προ-

215 2617 249 2667 20
281 2611 504 2691 σαγορεῦσαντες,
523 2611 575 2666 ἀπὸ
597 2611 645 2685 μὲν
662 2615 710 2666 τοῦ
727 2599 773 2666 ὦ
790 2613 841 2682 τὴν
855 2609 948 2682 οἶήσιν
967 2608 1124 2684 δηλοῦντες,
1143 2611 1195 2666 ἀπὸ
1212 2608 1240 2666 δέ
1254 2617 1300 2666 τοῦ
1312 2599 1346 2667 To
1361 2612 1407 2667 τόν

280 2715 350 2781 νοῦν,
365 2710 417 2766 ἀπὸ
431 2708 460 2766 δέ
474 2715 524 2766 τοῦ
539 2697 647 2782 [er—225
656 2711 706 2780 τὴν
722 2709 841 2788 ἱστορίαν
857 2708 1049 2784 σημαίνοντες·
1067 2709 1162 2780 ἥντινα
1178 2709 1407 2779 οίονοϊστικήν

280 2810 309 2865 τὸ
333 2795 592 2884 ομεταόάλλοντες
616 2809 653 2872 είς
678 2808 709 2864 τό
729 2795 768 2880 ω,
796 2809 833 2874 ὡς
858 2808 897 2871 είς
927 2806 1147 2888 όγκοειθέστερον
1170 2807 1215 2864 καί
1242 2808 1407 2888 μακρότερον

280 2913 417 2988 στοιχεῖον
447 2908 492 2963 καί
523 2906 796 2986 μεγαλοφωνότερον,
830 2907 1046 2977 οίωνιστικήν
1071 2907 1294 2984 προσηγόρευσαν
1322 2913 1408 2962 πᾶσαν

279 3007 448 3086 ἀνθρωπίνην
467 3007 512 3062 καί
533 3007 715 3086 στοχαστικήν
738 3003 874 3080 μαντείαν.
894 3003 940 3060 Ἐκ
961 3002 994 3074 δὴ
1017 3013 1068 3076 τῆς
1086 3009 1141 3062 τῶν
1161 3003 1286 3062 παλαιῶν
1305 3025 1406 3083 μαρτυ-

215 3114 247 3162 „5
280 3105 337 3185 ρίας
350 3106 471 3180 τοσοῦτιρ
486 3105 554 3162 ἐστιν
568 3105 730 3184 ῦπερτέραί,
749 3104 863 3179 μανίαη
881 3103 910 3160 έκ
925 3109 998 3160 θεῶν
1016 3102 1144 3179 διδομένη
1165 3113 1216 3175 τῆς
1236 3105 1405 3182 ἀνθρωπικῆς

280 3205 453 3292 σωρροσῦνης
477 3205 522 3260 καί
550 3211 731 3283 στοχαστικῆς
758 3203 896 3277 μαντείας,
922 3203 977 3272 ὅσιμ
1003 3202 1057 3258 έστί
1082 3203 1128 3258 καί
1152 3203 1187 3258 τὸ
1217 3200 1323 3276 ὄνομα
1350 3206 1406 3258 τοῦ

280 3305 442 3378 ὀνόματος
463 3305 609 3382 Ιῦτιέρτερον
627 3304 658 3358 τὸ
676 3310 726 3373 τῆς
748 3309 881 3376 μαντικῆς
896 3307 1025 3373 <τοῦ>
1044 3309 1093 3372 τῆς
1115 3301 1295 3376 οἱωνιστικῆς,
1312 3301 1357 3356 καὶ
1375 3302 1405 3357 τὸ

278 3401 415 3484 ἔργοντὸ
434 3402 463 3459 έκ
479 3411 529 3473 τῆς
552 3403 649 3476 μανίας
672 3398 892 3474 ἀποτολοῦμενον
914 3405 962 3456 τοῦ
984 3394 1082 3478 ’έργου
1102 3405 1151 3456 τοῦ
1175 3398 1205 3454 έκ
1226 3407 1277 3470 τῆς
1300 3400 1406 3455 οἰωνισ-

277 3511 353 3574 τικῆς
377 3501 565 3582 ἐγγινομένου.
588 3535 627 3544 -
650 3499 803 3575 Θαυμάσιιι
826 3497 848 3554 θ’
871 3496 901 3556 ἀν
922 3521 962 3564 τις
987 3505 1033 3556 τοῦ
1056 3495 1205 3578 ριλοσόρου
1229 3500 1278 3567 την
1302 3497 1406 3575 εῦγνω·

214 3607 248 3657 30
280 3602 410 3678 μοσίνην,
431 3600 505 3664 ὅπως
528 3597 604 3656 οῦόέν
624 3597 708 3655 πλέον
726 3598 753 3654 έν
775 3604 833 3662 τοῖς
855 3598 1066 3676 συμπερασμασι
1088 3591 1232 3672 λαμόάνει,
1257 3595 1320 3653 ἀλλ’
1342 3595 1405 3652 αῦτό

278 3703 309 3758 τὸ
331 3700 361 3758 ίκ
381 3705 436 3756 τῶν
457 3697 685 3776 ὡμολογημένων
708 3695 893 3776 συναγόμενον
915 3695 1038 3775 ἄντικρυς
1057 3696 1128 3752 κατὰ
1150 3697 1198 3767 τήν
1218 3697 1407 3776 γεωμετρικὴν

280 3798 463 3872 δικαιοσύνην.

309 4023 324 4072 θ
338 4023 432 4088 κυρίως
446 4045 477 4056 -
491 4019 506 4070 θ
522 4019 644 4081 ὀνόματος
659 4037 689 4057 =
704 4013 791 4066 schol·
803 4011 848 4062 244
862 4011 883 4062 C
899 4013 934 4075 (p.
950 4011 997 4062 270
1014 4010 1120 4074 Herm.)

311 4147 358 4199 ΝΟ
377 4145 392 4198 1
412 4129 440 4198 ’τό
461 4147 601 4210 -μανίας
624 4141 726 4193 seclusi
790 4142 825 4199 εἰς
849 4139 924 4204 prius
948 4138 1081 4190 omissum
1145 4138 1282 4189 Σπαλαιοί
1305 4135 1407 4186 seclusi

341 4222 355 4271 3
378 4221 558 4287 ἀπειροκαιίας
583 4216 611 4264 Μ
628 4214 694 4278 (jam
719 4217 877 4264 correxerat
898 4211 967 4274 Asr)
1030 4211 1045 4260 4
1067 4212 1176 4276 ἀπείρως
1199 4210 1238 4258 Μ.
1259 4206 1324 4270 (jam
1347 4219 1407 4256 cor-

280 4299 388 4345 rexerat
403 4295 469 4354 AST)
535 4287 605 4353 αὐτὴ]
624 4289 700 4338 αὐτοῦ
718 4285 804 4335 schol,
868 4285 927 4334 51⁸0
941 4280 1030 4347 καλὸν]
1045 4285 1128 4339 καλῶς
1147 4280 1233 4331 schol.
1299 4277 1406 4345 ἔχοντες]

280 4368 380 4434 ἔχοντος
398 4363 483 4415 schol.
549 4357 684 4424 όνοματθ]
703 4361 747 4408 τοῦ
766 4360 887 4419 ὀνόματος
905 4353 990 4404 schol.
1056 4349 1246 4416 7τοῦ1τοῦτον
1266 4351 1293 4399 Μ
1360 4352 1408 4412 ὁμ-

279 4443 375 4506 φρόνων
397 4438 455 4485 Aer
472 4447 563 4484 errore
583 4431 733 4494 typothetae
797 4428 828 4479 10
844 4427 916 4478 αὑταὶ
935 4425 995 4476 libri
1060 4421 1278 4491 ἀστροσκσιιίαΜ
1345 4421 1407 4481 1Ιή

281 4517 344 4560 unte
363 4510 404 4561 διά
423 4522 475 4559 om.
498 4507 526 4555 M
592 4506 684 4569 ὀρνέων
703 4500 766 4550 libri
828 4498 859 4549 17
879 4501 962 4561 οἴησιν
981 4500 1040 4548 νοῦν
1062 4495 1090 4544 Μ
1154 4495 1185 4544 20
1205 4492 1258 4558 μέν]
1275 4496 1357 4559 μέντοι
1378 4492 1406 4540 Μ

341 4581 371 4631 23
389 4577 546 4642 ὡωνιστικὴν
562 4579 586 4628 Α
650 4573 681 4623 25
697 4569 821 4638 τοσούτῳ]
835 4565 962 4622 τοσούτων
978 4569 1007 4618 Μ
1025 4569 1091 4631 (jam
1106 4572 1263 4617 correxerat
1277 4565 1345 4628 λετ)

279 4653 309 4704 θ7
325 4659 369 4708 τοῦ
384 4652 478 4703 addidi
