3660 5686
554 571 610 623 ΕΙΣ
631 573 691 624 TON
715 573 891 622 ΠΛΑΤΩΝΟΣ
913 572 1056 622 ΦΑΙΔΡΟΝ
1078 573 1200 622 ΣΧΟΛΙΑ
1391 583 1437 636 125

214 733 280 800 1127]
313 733 399 798 τικῆς,
414 725 472 797 ἥτις
483 727 524 784 ἀεὶ
537 727 642 807 έρίεται
653 733 688 804 τῇ
701 727 808 800 διανοίᾳ
819 727 1019 803 συντάττεσθαι,
1031 725 1076 783 τὸν
1091 725 1119 784 δέ
1132 725 1340 808 καταδέεστερον
1352 728 1438 786 ίππον

312 821 372 893 ἥτις
386 823 470 895 αάτῆς
485 822 598 900 δύναμις
612 825 713 906 ἐφίεται
723 834 772 898 τῆς
784 826 911 904 γενέσεως
923 827 968 882 καί
983 833 1033 898 τῆς
1047 831 1103 883 τῶν
1115 823 1246 906 δευτέρων
1258 827 1435 905 προστασίας.

313 921 429 977 Δυνατδν
447 919 476 978 δέ
493 924 537 979 καί
555 923 624 980 κατά
642 923 673 980 τὸ
689 923 904 1005 συναμφότερον,
919 925 970 994 τὴν
986 921 1104 981 διάνοιαν
1122 923 1167 981 καί
1182 926 1233 995 τήν
1247 921 1339 1002 δόξαν,
1357 925 1437 983 ἐκλα-

312 1015 394 1076 ύύντα
407 1021 454 1077 τὸν
466 1022 594 1101 ἡνίοχον,
611 1028 665 1078 τῶν
679 1021 771 1080 ’ίππων
784 1024 830 1080 τὸν
846 1023 896 1098 μὲν
910 1022 1016 1098 ἀμείνω
1031 1023 1099 1079 κατά
1115 1023 1146 1079 τὸ
1166 1021 1336 1094 διανοητικόν
1352 1023 1436 1098 μόνον

266 1132 280 1180 5
312 1114 399 1191 τέξαι,
416 1118 462 1176 τὸν
477 1117 506 1177 δέ
519 1119 725 1201 καταδεέστερον
739 1121 808 1178 κατὰ
822 1122 854 1178 τὸ
869 1119 1036 1187 δοξαστικόν.
1051 1119 1149 1178 Ἰστέον
1164 1122 1215 1201 γάρ
1230 1121 1269 1185 ὡς
1282 1130 1332 1194 τῆς
1346 1126 1437 1203 ψυχῆς

313 1215 458 1290 ἐπιδούσης
480 1219 578 1288 ἑαυτὴν
599 1225 656 1284 τοῖς
678 1220 823 1299 κρείττοσι,
846 1222 891 1277 καί
911 1222 929 1291 ἡ
953 1217 1017 1286 δόξα
1039 1217 1105 1291 όλην
1123 1221 1220 1291 ἑαυτὴν
1242 1218 1381 1278 ἐπιδίδωσι
1399 1225 1434 1297 τῇ

312 1311 416 1388 διανοίᾳ
433 1317 477 1373 καὶ
497 1317 581 1389 αὐτῆς
602 1317 670 1375 εἶναι
689 1316 789 1392 ἐθέλει,
810 1318 991 1394 ἀποκαμοῦσα
1011 1319 1104 1394 μέντοι
1125 1319 1190 1376 ποτὲ
1203 1320 1248 1376 καὶ
1261 1317 1322 1375 καθ’
1339 1321 1436 1391 ἑαυτὴν

311 1409 454 1491 ἐνεργῆσαι
470 1412 557 1474 θέλει.
575 1417 623 1473 Καὶ
638 1421 720 1472 ταῦτα
735 1417 784 1491 μὶν
798 1417 821 1472 εί
836 1415 878 1472 ἐπὶ
893 1415 982 1491 μόνης
995 1423 1047 1487 τῆς
1060 1414 1173 1494 λογικῆς
1191 1419 1283 1497 ψυχῆς
1296 1415 1435 1496 θεωροίη,
1525 1461 1528 1469 .

312 1531 361 1586 μεν
375 1513 439 1577 τοὺς
452 1511 553 1578 ’ίτιπους
569 1515 614 1570 καί
627 1513 675 1570 τδν
688 1515 773 1596 ὴνίοχ
775 1536 817 1572 ον·
834 1511 926 1586 ἐπειδὴ
944 1511 973 1571 δέ
986 1515 1031 1571 καί
1045 1515 1082 1578 είς
1096 1520 1177 1572 τοῦτο
1191 1514 1310 1572 κάτεισιν
1323 1518 1344 1586 ἠ
1358 1517 1433 1595 ψυχὴ

248 1622 280 1672 10
311 1609 382 1668 ὥστε
396 1609 490 1668 λοιπὸν
506 1611 574 1688 αὐτῇ
590 1611 814 1693 προσυραίνεσύαι
828 1613 917 1669 καὶτὸ
935 1611 1045 1692 ἀλογον,
1066 1613 1111 1670 καί
1125 1613 1252 1693 έκέτερον
1272 1618 1328 1670 τῖον
1342 1611 1435 1684 ’ίππων
1465 1653 1467 1660 1
1538 1679 1544 1701 γ

311 1708 464 1767 ἀντιτείνειν
481 1709 509 1767 έν
523 1715 559 1788 τῷ
573 1713 783 1792 προσορανθέντι
798 1709 890 1791 ἀλόγῳ
905 1709 973 1770 εἶ’δει
986 1719 1036 1783 τῆς
1050 1715 1153 1792 ψυχῆς,
1172 1709 1242 1786 μηδὲ
1256 1713 1367 1776 τούτους
1383 1733 1435 1769 πα·

310 1813 412 1886 ρῶμεν.
430 1808 497 1874 Τοὺς
519 1809 568 1885 μὶν
586 1811 637 1889 γάρ
655 1809 802 1890 προτέρους
823 1811 899 1890 εἶχεν
917 1814 935 1881 ἡ
955 1811 1031 1891 ψυχὴ
1049 1810 1118 1867 κατά
1136 1811 1187 1881 τήν
1206 1810 1315 1867 αἰώνιον
1335 1811 1433 1882 ἑαυτῆς

309 1904 362 1962 ἀπὸ
384 1913 431 1965 τοῦ
454 1905 620 1988 δημιουργοῦ
643 1909 726 1983 μόνον
747 1906 876 1987 πρόοδον·
900 1909 949 1972 ούς
972 1907 1001 1965 δέ
1024 1913 1070 1965 νῦν
1095 1906 1192 1982 μέλλω
1215 1908 1313 1987 λέγειν,
1336 1909 1366 1966 ίκ
1386 1914 1433 1966 τοῦ

308 2007 502 2085 προσκειμένου
517 2012 621 2079 θνητοῦ
638 2005 726 2072 εἴδους
737 2015 788 2078 τῆς
800 2011 905 2088 ψυχῆς,
922 2007 970 2070 ούς
983 2007 1036 2063 ἀπὸ
1049 2012 1104 2064 τῶν
1117 2007 1185 2064 νίων
1199 2013 1275 2064 θεῶν
1288 2007 1433 2087 προσλαμ-

247 2113 277 2163 15
309 2098 395 2163 ύάνει.
409 2104 509 2162 Ἔσται·
517 2107 608 2163 τοίνυν
622 2106 734 2188 ἡνίοχος
748 2106 796 2181 μὲν
808 2106 877 2163 κατά
890 2107 939 2177 την
950 2101 1042 2176 δόξαν,
1057 2107 1072 2162 ό
1085 2103 1113 2162 δέ
1127 2103 1259 2184 κρείττων
1273 2112 1328 2164 τῶν
1340 2106 1433 2164 ίππων

309 2201 323 2256 ὁ
339 2203 441 2276 Ξιυμδς,
458 2205 472 2260 ό
487 2201 516 2260 δέ
530 2201 737 2285 καταδεέστερος
752 2206 770 2275 ἡ
786 2203 926 2279 ἐπιθυμία.
943 2203 993 2260 Καὶ
1008 2204 1157 2283 δρόῆμμέν
1178 2202 1261 2276 ούσης
1278 2212 1328 2276 τῆς
1349 2199 1431 2279 δόξης

308 2299 354 2356 τδν
384 2299 465 2375 μέσον
490 2304 535 2359 καί
563 2298 785 2382 όρθοδοξαστικὸν
814 2298 953 2381 ἀνθρωπον
977 2301 1022 2358 καί
1049 2301 1129 2376 μέσον
1152 2303 1265 2382 ἡνίοχον
1289 2302 1428 2374 ἀποτελεῖ,

308 2394 522 2478 διεστραμμένης
545 2398 573 2458 δέ
594 2403 642 2466 τὸν
663 2399 833 2482 διάστροφον,
855 2403 902 2458 καί
922 2396 995 2458 ἔοικε
1016 2400 1086 2474 τότε,
1095 2401 1200 2480 ἡνιόχῳ
1220 2402 1359 2480 συρομίνιρ
1379 2401 1431 2458 ὑπὸ

306 2501 361 2552 τῶν
379 2495 482 2556 ίππων.
504 2499 535 2554 οί
552 2499 601 2574 μέν
616 2497 663 2556 ούν
676 2497 883 2574 πεπαιδευμένοι
902 2491 1052 2564 δοξαστικοί
1065 2498 1145 2556 ’ίπποι
1160 2500 1205 2556 καί
1224 2502 1238 2557 ό
1256 2499 1371 2580 ἡνίοχος
1386 2500 1433 2558 τὸν

244 2605 275 2656 20
307 2593 389 2674 ἀκρον
411 2599 483 2671 ἡμῖν
507 2595 649 2656 πολιτικόν
672 2596 862 2670 ἀποτελοῦσιν,
887 2600 913 2654 οἱ
937 2595 966 2654 δέ
989 2596 1155 2669 διανοητικοί
1178 2599 1225 2655 τὸν
1246 2599 1429 2678 θεωρητικόν.

309 2689 481 2769 ’Δμείόονται
502 2693 530 2752 δὲ
551 2697 626 2754 οὗτοι
648 2698 675 2754 οί
696 2694 776 2754 ίπποι
796 2697 840 2752 καί
859 2698 874 2752 ὁ
893 2696 1009 2776 ἡνίοχος
1030 2696 1075 2752 καί
1093 2697 1163 2753 κατά
1181 2695 1229 2760 τάς
1251 2696 1366 2776 σφαίρας
1387 2697 1431 2753 καί

306 2794 374 2850 κατὰ
388 2795 422 2850 τά
433 2801 557 2876 στοιχεῖα
568 2796 613 2852 καί
628 2797 696 2852 κατὰ
709 2802 761 2852 πᾶν
774 2793 847 2860 είδος
864 2797 950 2866 ζωῆς.
965 2793 1008 2851 Ἐν
1022 2795 1071 2868 μέν
1084 2797 1135 2874 γὰρ
1148 2800 1183 2872 τῇ
1198 2793 1302 2871 ἡλιακῇ
1315 2793 1429 2866 ὴλιακοί

308 2889 382 2962 είσιν,
399 2893 426 2950 ἐν
441 2892 469 2950 δὲ
483 2899 517 2970 τῇ
534 2893 591 2966 διίᾳ
607 2893 682 2966 δίιοι,
702 2895 747 2950 καί
766 2894 794 2952 ἐν
807 2899 842 2970 τῇ
860 2893 954 2973 ἀρείκῇ
973 2893 1088 2973 ἀρεικοί·
1107 2895 1152 2950 καί
1172 2894 1268 2958 ἁπλῶς
1287 2895 1371 2952 είπεῖν
1389 2895 1431 2952 ἀεὶ

229 2987 235 3002 “
305 2990 374 3046 κατὰ
387 2993 438 3062 τὴν
454 2991 577 3064 ἰδιότητα
590 2993 691 3050 ἐκείνου
705 2999 752 3050 τοῦ
764 2998 832 3050 3έού
843 2991 976 3049 ἵστανται·
993 2992 1039 3048 ἐὰν
1054 2991 1103 3068 μὶν
1117 2991 1187 3048 κατὰ
1202 2991 1232 3048 τὸ
1249 2999 1327 3050 ἓιεῑον
1342 2989 1428 3066 είδος,

243 3099 273 3148 25
306 3094 389 3161 Ξιεῖοι,
405 3091 474 3147 κατά
490 3089 518 3147 δέ
531 3091 562 3147 τὸ
578 3089 727 3171 ἀγγελικδν
742 3090 884 3169 ἀγγελικοί
897 3092 942 3147 καί
957 3089 1043 3160 αὐτοὶ,
1060 3089 1106 3146 έάν
1120 3088 1149 3146 δέ
1163 3091 1230 3146 κατά
1244 3090 1274 3146 τὸ
1290 3087 1429 3165 δαιμόνιον

305 3185 376 3251 εἶδος
393 3195 443 3260 τῆς
466 3192 539 3260 ζωῆς
561 3191 697 3262 ίστῖονται,
721 3187 857 3264 δαιμόνιοι
877 3190 922 3245 καί
943 3189 1017 3245 αύτοί
1037 3187 1166 3266 γίνονται,
1189 3187 1234 3244 έάν
1258 3185 1286 3244 δέ
1307 3189 1375 3244 κατὰ
1397 3187 1428 3244 τὸ

303 3287 404 3364 ἡρῷον,
420 3287 546 3366 ἡρωικοί,
562 3289 607 3344 καί
622 3288 725 3362 ὁμοίως
741 3286 785 3344 ἐπὶ
799 3287 919 3347 πόντων.

345 3383 428 3442 Ἀλλά
450 3385 476 3442 τί
501 3385 629 3463 βούλεται
647 3387 692 3443 καί
712 3387 742 3443 τὸ
764 3386 968 3465 ὑπόπτερον;
992 3386 1123 3466 πρότερον
1145 3383 1172 3442 δὲ
1195 3385 1222 3441 τί
1245 3383 1376 3459 σημαίνει
1397 3386 1427 3442 τὸ

304 3483 401 3562 πτερὸν
421 3481 534 3559 ἴδωμεν.
556 3486 657 3564 Πτερὸν
677 3483 710 3557 δή
730 3484 786 3541 έστι
805 3491 856 3557 τῆς
878 3487 971 3564 ψυχῆς
990 3487 1008 3555 ἡ
1029 3483 1172 3563 ἀναγωγός
1192 3483 1277 3554 αὐτῆς
1298 3481 1426 3558 δύναμις,

244 3593 274 3642 30
306 3581 367 3653 ἥτις
379 3583 448 3640 κατὰ
462 3585 509 3640 τὸν
521 3584 664 3663 κρείττονα
677 3589 731 3641 τῶν
744 3583 836 3640 ’ίππων
850 3581 968 3658 μάλιστα
983 3584 1087 3663 ὁρᾶται·
1108 3582 1198 3662 ὥσπερ
1213 3581 1247 3652 δὴ
1263 3581 1343 3638 αύτδν
1357 3582 1426 3638 κατέ

304 3701 364 3737 τινα
386 3677 518 3752 ἐπιύολήν
539 3682 583 3738 καὶ
607 3682 708 3762 τροχὸν
731 3681 982 3761 προσηγορεύομεν,
1008 3678 1116 3755 μᾶλλον
1139 3678 1169 3738 δὲ
1191 3685 1289 3736 εαυτοῦ
1315 3677 1424 3752 κύκλον,

303 3777 395 3850 ἐπειδὴ
412 3779 527 3858 έραστης
545 3778 598 3836 ἐστι
613 3785 661 3836 τοῦ
675 3780 761 3838 καλοῦ
775 3780 820 3836 καί
835 3779 940 3860 έρίεται
953 3783 1008 3836 τῶν
1024 3783 1131 3851 νοητῶν
1144 3779 1188 3836 καί
1205 3776 1334 3834 ούδέποτε
1353 3777 1425 3834 ἀντι·

302 3877 384 3935 τείνει
401 3883 439 3956 τῷ
455 3877 561 3959 ἡνιόχῳ
579 3875 653 3936 ἀλλά
670 3880 716 3935 καί
733 3881 912 3958 συγκατορθοῑ
928 3879 973 3936 καίΙ
992 3874 1230 3956 σινεξαμαρτάνει.
1250 3875 1279 3933 ’0
1293 3875 1322 3932 δέ
1338 3874 1424 3941 ἀ’λλος

301 3976 398 4050 ίππος,
417 3980 435 4048 ἡ
455 3977 618 4056 καταγωγὸς
634 3979 679 4034 καὶ
697 3977 887 4057 γενεσιουργάς
908 3977 992 4050 αὐτῆς
1011 3975 1132 4052 δύναμις,
1155 3977 1192 4040 είς
1208 3983 1263 4054 γῆν
1279 3974 1364 4055 βρίθει
1377 3975 1424 4030 καί

302 4074 440 4132 ἀντιτείνει
464 4081 500 4152 τῷ
519 4075 635 4156 ἡνιόχῳ.
660 4075 788 4156 ’Έχουσιν
813 4073 859 4131 ούν
882 4073 993 4150 πόνΙτες
1016 4073 1120 4154 πτεράΙ·
1143 4073 1239 4138 πάντες
1262 4073 1313 4152 γάρ
1336 4072 1423 4137 πείσας

302 4170 395 4253 ’έχουσι
409 4172 455 4237 τάς
470 4171 609 4248 δυνιίμεις,
626 4174 670 4230 καί
686 4175 700 4230 ὁ
714 4175 831 4253 ἡνίοχος
845 4175 889 4229 καί
904 4174 930 4230 οί
943 4172 1033 4229 ἵπποι·
1050 4169 1115 4229 ἀλλ’
1132 4171 1174 4228 ἐπί
1195 4172 1243 4247 μέν
1262 4176 1319 4228 τῶν
1338 4169 1424 4228 Ξιείων

197 4063 221 4108 ιι.
240 4048 287 4100 128

198 4112 284 4162 r·52r·

300 4275 397 4353 ψυχῶν
410 4272 452 4328 ἀεὶ
468 4273 501 4329 τά
516 4273 600 4352 πτερά
615 4271 781 4352 ἐγηγερμένα
796 4271 849 4328 ἐστί
868 4273 914 4328 καὶ
931 4269 1041 4344 εύλυτα,
1058 4269 1099 4326 διὸ
1114 4271 1159 4326 καί
1174 4271 1308 4350 πτερωτοί
1326 4269 1424 4348 λέγον-

333 4435 395 4487 TIT
411 4435 443 4486 28
457 4441 481 4490 τί
493 4441 521 4490 εδ
537 4440 675 4504 ὑπόπτερον
694 4440 735 4488 καί
750 4441 774 4488 τί
786 4439 814 4488 τό
829 4440 917 4505 πτίρον
933 4435 953 4486 C
1016 4436 1047 4486 37
1061 4437 1191 4503 πτερωτοί,
1207 4436 1342 4501 ὑπόπτεροι
1357 4434 1379 4485 C

335 4523 565 4576 NcssetomM
628 4523 657 4575 11
677 4524 710 4589 μὴ
726 4524 789 4577 όέΑ
852 4525 883 4574 14
897 4521 990 4591 ψυχῆς]
1003 4523 1113 4587 ζωῆςΜ
1176 4522 1206 4572 16
1222 4519 1361 4585 μίνούνΜ

302 4593 333 4647 18
345 4595 411 4658 τότε]
424 4605 458 4666 τῷ
470 4609 496 4649 τι
509 4595 539 4647 Μ
603 4595 633 4646 23
648 4597 698 4648 διία
712 4599 771 4648 δίιοι
783 4595 879 4659 scripsi
894 4609 902 4645 τ
917 4598 967 4646 διία
979 4597 1027 4646 δῖοι
1042 4598 1064 4645 Α
1078 4607 1084 4642 ι
1098 4596 1149 4645 διία
1163 4595 1213 4644 διοί
1226 4591 1249 4642 E
1262 4603 1269 4642 ε
1285 4594 1360 4644 διίαδι
1373 4591 1423 4642 M:

302 4669 367 4743 διικῇ
378 4670 453 4720 διικοί
467 4672 526 4720 Αθτ
587 4667 620 4718 2²6
634 4653 749 4720 ίστιύνται
758 4671 834 4718 Aer:
849 4667 947 4731 ίστηται
959 4665 1021 4716 libri
1084 4665 1116 4715 29
1131 4663 1172 4728 δὴ]
1186 4664 1213 4716 δὲ
1227 4663 1258 4714 Μ
1321 4661 1352 4714 37
1364 4667 1424 4728 lm·

300 4742 409 4806 γερμένα
427 4752 480 4790 om,
501 4739 530 4790 M
