3538 5686
366 683 386 718 11
838 669 1012 720 PRAEFATlO

366 832 423 902 vel
439 831 622 900 monendo
635 831 694 900 vel
710 833 817 900 etiam
834 843 1015 901 errantem
1032 833 1144 901 amice
1162 831 1480 925 reprehendendo,

365 948 687 1017 commonstrabat.
714 949 751 1017 Si
772 947 859 1040 quid
880 949 994 1042 igitur
1013 947 1122 1016 hodie
1142 946 1187 1016 ad
1208 948 1363 1016 llermiae
1385 971 1482 1017 com-

365 1066 580 1134 mentarium
607 1066 644 1132 in
672 1063 790 1132 lucem
818 1064 1000 1132 edendum
1029 1062 1138 1150 valui,
1167 1061 1385 1133 beneficium
1413 1063 1481 1132 hoc

364 1178 417 1246 illi
447 1201 576 1272 magua
604 1201 648 1246 ex
677 1189 777 1270 parte
805 1177 940 1245 debere
968 1173 1056 1244 mihi
1083 1178 1238 1244 videor:
1268 1177 1481 1269 disciplinas

363 1317 453 1386 quas
474 1316 615 1362 mecum
636 1292 796 1386 benigne
812 1293 1141 1360 communicaverat
1158 1293 1305 1360 easdem
1322 1293 1366 1360 ad
1387 1315 1480 1383 opus

363 1411 442 1502 ejus
458 1409 722 1502 perficiendum
738 1405 900 1488 adhibui,
918 1409 1023 1475 amici
1044 1408 1273 1476 dilectissimi
1294 1408 1479 1476 memoriae

362 1524 577 1620 persolvens
597 1525 697 1617 quod
717 1521 825 1594 abeo
846 1537 982 1593 tantum
1006 1549 1101 1592 eram
1124 1538 1323 1595 mutuatus

407 1646 602 1738 Sperabam
615 1641 798 1737 equidem,
812 1669 906 1722 cum,
919 1645 1066 1712 ineunte
1077 1669 1172 1713 anno
1184 1646 1480 1730 MDCCCXCIX,

362 1792 455 1861 opus
476 1789 558 1836 sum
578 1789 792 1860 aggressus
817 1767 894 1835 sore
915 1779 953 1834 ut
973 1766 1075 1834 brevi
1096 1766 1186 1835 illud
1208 1767 1252 1834 ad
1273 1766 1383 1835 linem
1402 1789 1480 1858 per·

361 1885 550 1956 ducerem.
577 1882 648 1951 Sed
673 1881 758 1949 inde
784 1881 828 1949 ab
855 1881 958 1949 initio
980 1881 1245 1962 difficultates¹,
1268 1879 1313 1948 de
1346 1880 1479 1973 quibus

248 2025 254 2038 ·
360 1999 509 2092 longius
533 1998 717 2066 disserere
740 2021 812 2065 nou
839 2020 960 2088 operm
988 1999 1145 2088 pretium
1167 2009 1234 2080 est,
1261 2009 1333 2065 tam
1358 1997 1479 2065 multae

361 2139 401 2184 ac
420 2115 529 2184 variae
549 2113 778 2194 exstiterunt,
801 2123 840 2180 ut
854 2136 988 2179 annum
1006 2114 1082 2180 fere
1098 2126 1212 2180 totum
1224 2113 1474 2184 absumerent.

360 2231 457 2320 Quin
484 2242 520 2298 et
543 2231 598 2298 eis
625 2229 772 2298 tandem
800 2227 1002 2320 explicatiS,
1029 2253 1110 2296 cum
1135 2231 1207 2320 jam
1237 2227 1351 2298 codex
1385 2229 1479 2321 typis

360 2348 604 2427 mandaretur,
628 2345 707 2414 aliae
725 2344 878 2412 minoris
894 2342 1041 2435 quidem
1054 2345 1227 2413 momenti
1255 2344 1477 2426 incidebant,

360 2487 450 2556 quas
477 2462 522 2530 ad
549 2459 793 2553 explanandas
824 2483 897 2527 non
925 2461 1013 2526 satis
1040 2472 1272 2552 perspectum
1302 2459 1478 2528 habebam

359 2577 447 2669 quid
473 2577 543 2645 sibi
568 2579 647 2669 ipse
674 2576 807 2646 Paulus
832 2580 1023 2646 Couvreur
1044 2579 1330 2669 proposuissct¹.
1357 2581 1396 2644 ln
1422 2576 1479 2644 his

360 2703 477 2760 autem
508 2692 784 2760 discriminibus
819 2715 1013 2783 numquam
1045 2691 1131 2758 mihi
1166 2691 1282 2760 deluit
1319 2693 1479 2783 optimus

360 2806 422 2875 ille
446 2808 502 2876 vir
524 2807 694 2900 idemque
718 2807 954 2875 doctissimus
982 2811 1270 2894 Desrousseaux,
1295 2810 1370 2899 qui,
1397 2832 1476 2876 cum

360 2936 553 3014 utrumque
578 2936 745 2991 nostrum
768 2945 908 2990 summa
932 2945 1079 3014 semper
1100 2936 1200 2991 esset
1222 2923 1477 2993 benevolentia

359 3051 589 3132 prosecutus,
629 3050 705 3105 tum
735 3038 938 3129 praesertim
969 3062 1026 3105 me
1061 3039 1220 3131 benigne
1255 3041 1407 3131 excepit,
1443 3053 1478 3108 et

360 3156 536 3248 expedita,
560 3167 600 3222 ut
620 3155 666 3222 ita
688 3155 818 3232 dicam,
840 3153 1046 3222 eruditione
1070 3157 1197 3239 1101110,
1217 3181 1258 3225 00
1281 3157 1368 3223 mihi
1392 3181 1477 3248 sup-

360 3270 533 3363 peditavit
548 3295 628 3363 quae
643 3271 821 3339 obstantia
838 3269 1082 3340 sublevarent.
1094 3271 1256 3340 Gratiam
1267 3297 1353 3341 vero
1369 3298 1477 3366 quam

359 3389 549 3456 maximam
570 3385 686 3454 habeo
703 3409 824 3454 rerum
841 3387 1156 3477 grammaticarum
1172 3388 1421 3457 eruditissimo
1443 3402 1478 3458 et

359 3507 397 3574 in
416 3517 581 3573 veterum
602 3503 768 3572 codicum
791 3501 1030 3598 dispiciendis
1046 3506 1238 3597 scripturis
1254 3505 1476 3597 peritissimo

359 3627 436 3693 viro
457 3622 608 3692 Alfredo
627 3621 751 3690 Jacob.
780 3619 844 3689 1110
865 3621 975 3702 enim,
998 3644 1044 3688 ne
1065 3618 1154 3712 quid
1179 3619 1362 3713 legentem
1383 3625 1476 3690 Pau-

359 3739 433 3808 lum
450 3741 640 3808 Couvreur
650 3738 856 3820 fefellisset,
870 3738 1034 3806 codicem
1052 3739 1253 3806 Parisinum
1273 3741 1358 3808 1810
1372 3763 1476 3808 accu-

394 3933 421 3990 1.
443 3934 575 3998 Quarum
595 3931 801 3988 difficultatum
823 3947 883 3987 una
901 3947 937 3986 ex
957 3945 990 3986 00
1008 3929 1155 3988 oriebatur
1175 3932 1262 4004 quod,
1279 3949 1346 3989 cum
1364 3935 1476 3994 Paulus

359 4015 509 4073 Couvreur
522 4013 554 4068 in
567 4017 711 4084 apparatu
725 4013 826 4068 critico
839 4011 984 4068 nonnulla
998 4011 1148 4068 adnotaret
1161 4029 1226 4084 qum
1240 4013 1276 4068 ad
1290 4017 1474 4085 posteriorem

357 4095 451 4168 operi·
467 4098 581 4166 partem
596 4097 767 4164 spectarent,
785 4093 946 4164 typothetis
961 4108 1019 4148 nou
1035 4093 1106 4148 satis
1123 4094 1212 4150 multi
1232 4094 1264 4149 in
1279 4102 1381 4165 presto
1394 4107 1476 4154 erant

359 4175 424 4246 typi
437 4173 610 4244 etamplius
620 4186 709 4242 quam
722 4171 847 4226 sedecim
862 4171 907 4226 vel
921 4171 1043 4243 triginta
1053 4172 1110 4228 duo
1123 4176 1245 4244 paginas
1255 4175 1347 4231 simul
1360 4193 1475 4249 compo-

357 4256 428 4311 sitas
445 4251 594 4309 haberent.
616 4253 862 4322 Quotiescumque
878 4267 912 4307 01
933 4253 986 4307 hoc
1008 4269 1103 4309 rerum
1123 4260 1201 4309 010111
1221 4270 1277 4309 non
1297 4256 1373 4312 mihi
1393 4260 1475 4330 copia

357 4340 419 4392 erat
433 4335 529 4390 iocum
549 4333 581 4388 in
600 4337 743 4404 apparatu
761 4333 864 4388 0111100
885 4333 1037 4389 laudatum
1058 4333 1144 4404 plane
1167 4349 1201 4388 ac
1224 4334 1353 4391 dilucide
1372 4339 1473 4394 statim

358 4413 542 4486 designandi,
563 4428 684 4470 numero
701 4418 817 4469 tantum
841 4417 948 4478 1101010,
967 4429 1026 4469 rem
1047 4413 1084 4470 ad
1102 4415 1211 4470 calcem
1226 4415 1331 4472 dimisi
1343 4417 1404 4485 ubi,
1421 4419 1475 4474 sub

357 4495 444 4552 titulo
459 4491 609 4549 Addcnda
626 4495 653 4548 ct
668 4489 859 4564 corriycndc,
879 4492 976 4548 eodem
994 4509 1116 4549 numero
1132 4494 1243 4562 iterato,
1261 4496 1348 4552 100110
1363 4499 1475 4570 paginas

356 4581 496 4633 etaemus
510 4575 689 4629 mentionem
705 4573 840 4644 reperies·

391 4653 418 4712 2.
432 4651 546 4711 Indicis
560 4654 662 4717 0110111,
676 4653 761 4724 cujus
776 4654 885 4724 passim
902 4655 934 4709 in
948 4658 1091 4726 apparatu
1103 4655 1205 4710 critico
1218 4658 1329 4712 mentio
1340 4663 1383 4714 001
1398 4659 1475 4714 10010

354 4743 383 4794 01
396 4751 484 4809 quem
495 4751 564 4790 cum
579 4735 676 4790 codice
688 4734 879 4789 commissum
895 4735 985 4790 fuisse
998 4737 1159 4806 typctiretis
1173 4737 1250 4792 1111111
1263 4754 1471 4808 persuaseram,

354 4835 423 4877 cum
441 4813 524 4875 nulla
535 4819 683 4872 exstarent
697 4815 830 4885 vestigia,
848 4816 925 4871 hauc
939 4816 1033 4886 operis
1047 4821 1159 4888 partem
1174 4815 1209 4873 de
1225 4833 1287 4874 mco
1299 4821 1472 4891 conscripsi.
