3538 5686
351 511 376 544 st
783 490 1033 542 Pnouuooltsna

348 659 546 741 philosophia
560 658 714 739 platonica
734 670 762 720 et
783 657 952 737 plotiniana
971 656 1205 736 haudquaquam
1226 657 1402 737 spernenda
1425 657 1468 716 ibi

350 768 557 827 continentur.
580 765 648 824 Non
669 765 796 845 indigna
818 765 912 844 igitur
927 763 990 822 haec
1006 763 1123 823 scholia
1139 763 1212 824 mihi
1228 764 1294 823 visa
1311 779 1383 824 sunt
1403 787 1469 846 quae

349 875 460 934 iterum
486 872 667 932 melioribus
702 871 851 931 subsidiis
882 872 1060 940 ederentur,
1100 871 1274 950 praesertim
1303 885 1468 952 postquam

350 979 529 1040 Scnnnzrus
550 981 581 1038 in
606 985 724 1038 Hermae
738 977 800 1038 vol.
817 976 931 1048 XVlll,
954 999 986 1058 p.
1008 977 1076 1049 129,
1088 991 1118 1038 et
1138 977 1300 1039 Ruscams
1314 980 1346 1039 in
1367 985 1467 1038 Rcvue

349 1091 402 1148 des
420 1079 531 1148 &tudes
550 1109 705 1167 grecques,
724 1087 813 1161 1890,
834 1108 867 1168 p.
895 1088 964 1158 312,
991 1089 1029 1146 de
1051 1088 1231 1148 excellentia
1253 1089 1466 1149 parisinorum

348 1197 488 1258 codicum
504 1200 696 1258 disserentes
710 1217 820 1258 novam
836 1208 1021 1277 optaverunt
1035 1197 1211 1257 editionem.

746 1551 763 1633 §
781 1551 858 1612 1.-
874 1550 921 1610 Dr.
938 1550 1068 1610 Hennam

386 1797 514 1860 Videbis
529 1797 611 1877 apud
627 1793 813 1866 Fabricium,
826 1801 846 1855 l.
860 1797 933 1876 l.(et
947 1794 1016 1868 Vll,
1030 1797 1098 1868 144,
1116 1818 1146 1855 n.
1164 1797 1225 1876 44),
1242 1810 1318 1878 quot
1332 1798 1464 1861 Hermiae

346 1907 379 1965 in
400 1905 511 1966 litteris
535 1903 646 1984 graecis
669 1903 794 1974 fuerint,
811 1915 841 1963 et
861 1905 1017 1984 quomodo
1037 1916 1145 1963 noster
1159 1923 1379 1984 nonnunquam
1396 1927 1463 1966 cum

329 2013 407 2072 ‘filio
423 2033 479 2071 suo
492 2010 656 2070 Ammonio
669 2010 709 2069 sit
724 2011 883 2080 confusus,
896 2029 964 2070 cum
979 2010 1146 2090 legeretur,
1158 2011 1289 2090 exempli
1306 2013 1413 2091 gratia,
1432 2013 1463 2072 in

344 2121 433 2182 titulo
456 2119 668 2180 commentarii
690 2119 728 2178 ad
752 2118 921 2199 Porphyrii
944 2117 1095 2199 isagogen
1122 2143 1136 2174 c
1162 2123 1312 2178 Ammonia·
1333 2125 1465 2180 Hermiae

344 2229 594 2301 commentarius,
619 2240 677 2288 etc.
702 2251 729 2300 a,
753 2241 784 2287 et
802 2227 1008 2288 nominativus
1028 2246 1101 2304 non,
1124 2239 1156 2286 ut
1185 2247 1235 2284 res
1260 2239 1318 2301 est,
1344 2235 1464 2288 Ammo·

343 2341 410 2396 nius
437 2339 579 2414 Hermiae,
610 2337 664 2395 sed
696 2339 867 2394 Ammonius
897 2338 1038 2394 Hermios
1071 2336 1251 2394 crederetur
1283 2355 1352 2395 esse
1376 2360 1383 2394 ε
1410 2339 1463 2417 qui

344 2463 433 2502 error
452 2445 542 2504 etiam
563 2444 594 2503 in
617 2443 732 2503 librum
753 2463 844 2523 quem
869 2442 921 2504 W.
945 2462 1006 2502 von
1027 2441 1148 2501 Cunrsr
1163 2444 1201 2502 de
1216 2440 1328 2502 litteris
1353 2445 1463 2524 graecis

344 2551 472 2630 scripsit
487 2549 533 2630 (p.
556 2551 615 2610 374
630 2553 678 2610 ed.
695 2551 824 2631 prioris)
834 2551 942 2609 nescio
957 2571 1019 2630 quo
1035 2551 1125 2608 modo
1141 2550 1283 2629 irrepsit.

387 2661 541 2721 Hermiam
558 2661 798 2722 Alexandrinum
817 2663 847 2721 in
868 2663 963 2722 altera
979 2663 1077 2742 quinti
1094 2663 1197 2722 saeculi
1216 2677 1304 2744 parte
1319 2665 1462 2725 lloruisse

344 2773 557 2848 constat¹,sed
574 2791 674 2850 neque
691 2793 753 2852 quo
768 2793 848 2831 anno
862 2785 951 2832 natus
963 2773 1013 2842 sit,
1031 2791 1131 2850 neque
1145 2793 1206 2852 quo
1222 2785 1373 2846 mortuus,
1391 2778 1461 2835 deh-

344 2877 403 2935 niri
419 2891 531 2956 potest.
546 2875 728 2957 Magistrum
745 2878 851 2938 habuit
867 2879 1031 2960 Syrianum
1043 2878 1205 2937 Philoxeni
1217 2879 1324 2952 filium,
1336 2882 1461 2962 neopla-

342 2983 490 3056 tonicum,
515 2985 567 3064 qui
592 2984 704 3044 scholae
729 2999 801 3064 post
829 2984 1028 3044 Plutarchum
1057 2985 1194 3045 Nestorii
1223 2987 1318 3046 lilium
1338 2991 1461 3068 praeluit

343 3087 492 3170 cujusque
521 3093 738 3151 commentaria
762 3093 793 3151 in
824 3094 1012 3162 Phaedonem,
1037 3093 1271 3170 Rempublicam,
1308 3099 1458 3169 Timaeum,

343 3201 436 3275 Leges
449 3187 589 3258 audimus
606 3199 712 3270 luisse,
721 3199 752 3257 in
763 3197 941 3259 Aristotelis
951 3201 1159 3276 Metopleysico
1171 3213 1200 3258 et
1211 3201 1241 3258 in
1254 3200 1460 3282 Hermogenis

341 3304 531 3363 eretoricam
545 3306 656 3386 partim
671 3307 880 3386 possidemus.
899 3307 1062 3387 Syrianum
1080 3309 1170 3367 simul
1183 3330 1251 3368 cum
1268 3309 1393 3370 Hermia
1410 3332 1460 3371 se-

343 3424 431 3470 cutus
447 3425 494 3471 est
509 3413 722 3474 nobilissimus
738 3414 788 3474 ille
806 3415 947 3489 Procius,
967 3431 1053 3477 aetate
1067 3417 1160 3497 paulo
1185 3419 1297 3492 minor,
1314 3422 1367 3501 qui
1391 3443 1459 3482 eum

344 3518 479 3579 sodalem
492 3540 616 3601 semper
631 3521 736 3582 habuit
751 3523 982 3584 amicissimum.
992 3525 1115 3585 Dicitur
1125 3538 1154 3586 et
1169 3527 1307 3607 AEgypto
1317 3529 1460 3590 Hermiae

342 3626 570 3686 necessitudine
587 3631 716 3706 quadam
732 3630 914 3713 conjunctus
927 3634 1034 3711 luisse,
1045 3633 1158 3693 lsidori
1174 3634 1352 3717 philosophi
1368 3659 1459 3699 avun-

342 3734 421 3792 culo.
447 3733 582 3795 Uxorem
605 3737 710 3799 habuit
733 3741 971 3820 pulcherrimam
996 3744 1261 3826 castissimamque
1287 3747 1457 3822 AEdesiam,

343 3838 477 3918 Syriani,
492 3853 525 3900 ut
539 3841 663 3915 dicitur,
681 3847 808 3925 neptim,
823 3867 913 3928 quam
931 3849 982 3907 ille
1001 3849 1090 3928 prius
1107 3849 1219 3910 Proclo
1235 3857 1456 3932 spoponderat,

342 3947 397 4005 scd
410 3966 479 4005 cum
495 3946 575 4006 hunc
600 3975 614 4004 a
635 3951 711 4010 deus
727 3953 850 4031 quidam
868 3977 881 4008 n
906 3954 953 4034 (ut
971 3957 1012 4015 ait
1037 3955 1161 4037 Suidas)
1186 3959 1401 4038 prohibuisset
1419 3985 1458 4024 ne

342 4071 467 4111 uxorem
483 4055 620 4128 duceret,
631 4054 762 4116 Hermiae
775 4059 870 4122 dedit.
882 4059 928 4119 De
939 4060 1067 4122 AEdesia
1077 4065 1213 4124 maximae
1229 4064 1335 4128 laudes
1351 4072 1389 4130 ad
1400 4091 1457 4130 nos

340 4173 549 4238 pervenerunt
567 4184 573 4220 :
591 4160 867 4225 Alexandrinarum
879 4187 943 4226 earn
956 4181 986 4228 et
997 4171 1253 4233 formosissimam
1264 4188 1294 4234 et
1311 4178 1456 4257 optimam

341 4267 449 4340 luisse,
473 4268 606 4349 simplici
627 4271 824 4353 ingenuoque
848 4276 961 4348 animo,
978 4278 1126 4358 praeclara
1143 4301 1217 4361 erga
1240 4284 1315 4344 deos
1331 4287 1455 4364 pietate,

372 4489 394 4538 l.
412 4487 448 4536 De
463 4491 570 4540 Hermia
584 4491 639 4540 haec
661 4501 723 4544 sunt
746 4495 920 4546 testimonia:
943 4499 1099 4550 Damascius
1114 4503 1140 4551 in
1164 4505 1266 4565 Photio,
1284 4507 1360 4556 codd.
1374 4510 1417 4557 181
1431 4516 1457 4558 ct

339 4559 400 4620 2425
417 4559 499 4620 Suid,
514 4579 536 4609 s.
550 4579 594 4612 vv.
616 4563 744 4630 Ἑρμείας,
760 4566 875 4628 Albesia,
892 4569 1062 4634 αὐτοκίνητον.
1081 4573 1136 4622 Non
1150 4575 1256 4626 ridetur
1274 4577 1309 4627 ab
1328 4579 1390 4638 alio,
1403 4580 1454 4629 nisi

338 4630 371 4678 nb
385 4631 523 4680 Euststhio
538 4633 570 4680 nd
583 4634 659 4683 Dion.
677 4634 775 4700 Perieg.
793 4637 913 4688 llermias
929 4641 1053 4692 laudatus
1074 4645 1165 4696 luisse.
