3660 5686
420 666 476 718 ΕΙΣ
497 666 559 718 ΤΟΝ
581 663 758 717 ΠΛΑΤΩΝΟΣ
780 665 923 719 ΦΑΙΔΡΟΝ
944 667 1066 720 ΣΧΟΛῙΔ
1275 679 1306 732 67

111 829 154 896 [9⁴2
184 823 275 879 νεσθαι
286 819 411 892 ίποίησε,
428 816 509 876 τόνδε
525 815 554 876 ἀλ
567 816 610 875 οίί·
625 816 665 876 διδ
682 817 728 877 καί
744 816 816 894 τῷδε
832 820 881 894 μὶν
898 817 1003 878 τοιόνδε
1022 825 1104 896 σῶμα
1118 819 1306 903 ἐπεκλήρωσεν
1394 829 1397 836 ’

183 921 252 978 ῶστε
270 918 315 976 καὶ
335 912 463 993 σίμδολα
481 916 571 997 φίρειν
589 915 679 975 τοιάδε
697 917 765 974 κατά
783 938 812 975 τε
828 917 859 974 τὸ
874 918 1039 998 φαινόμενον
1054 923 1135 994 σῶμα
1149 920 1218 978 κατά
1230 943 1261 978 τε
1274 921 1306 977 τὸ

183 1023 290 1093 πνεῦμα
302 1017 349 1074 καὶ
365 1015 450 1086 αὐτὴν
463 1015 515 1086 τὴν
529 1017 632 1095 ψυχήν,
649 1013 719 1089 τῷδε
734 1013 763 1072 δὲ
777 1014 916 1091 οὐδαμῶς.
928 1015 985 1073 Ἔτι
997 1015 1025 1074 r:
1036 1017 1081 1074 καί
1096 1016 1126 1076 ἐκ
1135 1026 1187 1090 τῆς
1200 1017 1307 1076 τοιᾶσδε

91 1116 167 1166 θίῧῖ·
181 1120 254 1188 ζωῆς
268 1115 372 1194 γίνεται
385 1117 403 1185 ἡ
419 1113 620 1185 συναίσθησιςή
636 1115 686 1188 μή·
703 1116 730 1170 οί
744 1115 797 1192 γάρ
813 1112 955 1172 σπουδαῖοι
970 1112 1063 1195 ἀνδρες
1081 1115 1086 1194 Ι
1104 1117 1148 1172 καί
1163 1116 1192 1174 εὖ
1210 1120 1306 1186 ζῶντες

139 1233 152 1282 5
181 1215 270 1272 πάντα
284 1215 374 1272 αὐτῶν
388 1213 434 1270 τὸν
451 1211 510 1290 βίον
523 1211 569 1268 καί
583 1219 670 1268 πᾶσαν
685 1213 787 1270 ίαυτῶν
802 1211 937 1293 ἐνέργειαν
952 1215 998 1271 καί
1011 1211 1133 1294 θεωρίαν
1151 1216 1197 1273 καί
1214 1210 1308 1295 πρᾶξιν

181 1311 324 1377 ἀναθέντες
342 1317 400 1375 τοῖς
421 1307 503 1374 θεοῖς
523 1310 568 1366 καί
586 1315 645 1376 ταῖς
663 1310 789 1391 ἀφανίσιν
811 1311 911 1376 αίτίαις
931 1313 1148 1370 συναισθάνονται
1166 1311 1210 1370 διά
1228 1335 1306 1370 τινων

181 1407 330 1486 συμὸὁλων
346 1409 392 1467 καί
410 1409 534 1483 σημείων
552 1409 668 1488 πότερον
688 1408 786 1474 αὐτους
805 1409 953 1488 ἀποτρέπει
969 1418 1019 1482 τῆς
1033 1406 1156 1492 πράξεως
1171 1413 1186 1468 ὁ
1201 1411 1307 1487 δαίμων

181 1509 198 1580 ἀ,
215 1507 259 1569 οὕ.
276 1509 327 1566 Καὶ
339 1507 384 1566 διά
396 1513 477 1565 τοῦτο
494 1505 584 1587 γαλῆς
601 1507 665 1588 φίρε
683 1504 882 1588 δραμοθσης,ή
902 1508 1073 1589 ίναχεθέντος
1087 1515 1135 1566 τοῦ
1150 1509 1271 1585 ἱματίου,
1289 1511 1306 1583 ή

179 1607 224 1662 καί
239 1607 318 1664 λίθου
328 1605 497 1682 πεσόντος,ή
508 1613 600 1686 φωνῆς
614 1603 755 1683 ρἠθείσης,
768 1605 786 1676 ἢ
801 1611 923 1678 σκηπτοῦ
935 1607 1157 1687 κατενεχθέντος,
1170 1607 1308 1665 συναισθά-

125 1723 151 1772 1⁰
180 1725 272 1760 νονται
290 1712 342 1776 τῆς
363 1703 518 1782 ἀποτροπῆς
535 1704 580 1759 καί
598 1702 746 1784 ἀπίχονται
765 1711 816 1774 τῆς
835 1696 968 1784 πράξεως.
990 1705 1022 1761 θῖ
1044 1702 1073 1762 δὲ
1086 1704 1189 1763 πολλοὶ
1205 1707 1308 1784 βοσκη-

180 1803 278 1875 μάτων
295 1801 356 1879 βίον
376 1804 469 1869 ζῶσιν.
489 1796 531 1867 Ἐξ
552 1803 591 1857 ῶν
611 1801 737 1858 ἁπάντων
753 1802 825 1867 είκδς
844 1803 878 1872 ἦν
893 1801 941 1859 τδν
959 1802 1107 1882 Σωκράτην
1122 1804 1309 1884 συνεωρακότα

179 1901 230 1970 τήν
241 1905 292 1957 τοῦ
302 1898 444 1975 δαιμονίου
455 1898 613 1978 ἀποτροπὴν
626 1900 723 1973 μηκέτι
732 1898 849 1958 ἀπιὲναι.
860 1897 947 1958 Ἀλλά
955 1899 982 1957 τί
992 1898 1096 1960 ίκώλυε
1105 1899 1152 1959 τὸν
1164 1903 1307 1983 Σωκράτη,

179 2000 330 2078 προέτρεπε
349 1995 379 2054 δὲ
396 1995 542 2070 οδδίποτε;
563 1997 608 2054 καὶ
624 2001 734 2076 πρῶτον
748 1995 831 2054 διὰτί
846 1995 980 2074 ίκῶλυεν;
997 1999 1030 2055 Ἠ
1045 1999 1134 2080 ῶσπερ
1148 2005 1203 2057 τῶν
1217 1997 1322 2058 ’ίππων

180 2097 206 2152 οἳ
225 2097 278 2171 μἐν
299 2097 411 2174 κίνσρου
431 2093 536 2152 δέονται
558 2092 600 2151 διά
616 2095 647 2150 τὸ
670 2094 779 2174 βραδεῖς
799 2095 878 2170 εῖναι,
900 2097 927 2153 οἵ
945 2094 973 2154 δὲ
991 2079 1105 2178 χαλινοῦ
1126 2096 1168 2155 διά
1187 2100 1218 2156 τὸ
1238 2092 1308 2164 ὀξεῖς

125 2213 150 2264 15
180 2195 327 2275 ὑπάρχειν,
346 2193 419 2250 οὕτω
434 2193 480 2250 καί
494 2199 548 2249 τῶν
564 2191 711 2272 ἀνθρώπων
726 2194 753 2250 οἳ
768 2194 817 2268 μὶν
836 2192 1011 2269 εὖμετάδοτοι
1029 2198 1075 2252 καὶ
1094 2197 1145 2253 ὑπὸ
1158 2197 1308 2276 προθυμίας

179 2291 208 2349 εὖ
227 2299 321 2350 ποιεῖν
342 2291 509 2369 βουλόμενοι
527 2291 572 2346 καί
590 2290 663 2366 πάοη
685 2286 780 2370 πράξει
800 2289 997 2373 ἐγχειροῦντες,
1018 2296 1075 2359 οίος
1093 2296 1127 2365 ήν
1147 2296 1307 2375 Σωκράτης,

179 2390 336 2447 κωλύεσθαι
356 2386 492 2452 πολλάκις
515 2389 567 2445 ὑπὸ
591 2393 638 2445 τοῦ
661 2386 803 2463 δαιμονίου
824 2387 940 2462 δέονται,
961 2393 988 2448 οῖ
1007 2388 1036 2447 δὶ
1053 2390 1247 2467 δυσμετάδοτοι
1265 2392 1310 2449 καὶ

181 2487 375 2567 διεγείρεσθαι.
397 2487 427 2543 Er
446 2485 475 2543 δὲ
493 2487 537 2542 καί
557 2487 624 2566 πρὸς
642 2485 790 2565 ἀναγωγήν
809 2487 889 2544 αὐτὸν
906 2490 1108 2569 παρασκευάζον
1122 2491 1152 2546 τδ
1171 2489 1311 2566 δαιμόνιον

180 2585 272 2666 εἶ’ργει
286 2591 342 2642 τῶν
355 2583 469 2642 πολλῶν
480 2579 614 2663 πράξεων,
627 2583 688 2664 ἔχοι
702 2583 733 2640 ἃν
746 2587 791 2641 καί
805 2585 877 2643 οίίτω
892 2585 987 2665 λόγον.
999 2585 1085 2646 Ἀλλά
1095 2585 1138 2646 διά
1151 2588 1177 2645 τί
1192 2589 1255 2670 οὐχὶ
1265 2591 1310 2646 καί

125 2702 152 2752 20
181 2687 332 2764 προέτρεπε
346 2685 376 2740 τὸ
390 2681 544 2758 δαιμόνιον;
559 2679 620 2740 Ἵνα
635 2684 675 2758 μή
692 2683 730 2747 ὡς
746 2681 849 2763 άλογον
863 2685 909 2742 καὶ
927 2685 1115 2767 ἱπιροκίνητον
1131 2687 1150 2765 ᾖ
1165 2689 1180 2744 ὁ
1196 2689 1309 2768 Σωκρά-

180 2805 246 2856 της,
259 2780 343 2858 μηδεν
356 2779 401 2862 ἀρ’
413 2781 510 2837 ἑαυτοῦ
523 2785 622 2852 ποιῶν,
635 2778 704 2855 μηδὲ
719 2781 756 2846 ῶς
771 2782 847 2864 ψυχὴ
865 2780 963 2862 λογική
976 2784 1163 2858 αὐτοκίνητος.
1182 2786 1227 2842 Διὸ
1241 2785 1310 2868 ἐφίει

182 2885 232 2958 μἰν
248 2881 323 2956 αάτῷ
336 2880 462 2958 πράττειν
477 2879 516 2942 ὡς
532 2877 714 2952 αὐτοκινήτῳ,
732 2879 756 2936 εί
772 2877 801 2938 δέ
816 2902 883 2938 ποτε
898 2883 937 2945 ὡς
955 2879 1095 2962 ἄνθρωπος
1115 2884 1308 2965 σφαλλόμενος

181 2981 212 3038 οά
226 2983 347 3052 καθῆκεν
359 2979 374 3036 θ’
388 2999 414 3034 τι
429 2975 531 3053 ἔμελλε
545 2983 645 3048 ποιεῖν,
662 2975 821 3036 ἀνέστελλεν
834 2979 916 3036 αὐτὸν
927 2978 974 3036 ἀπ’
986 2979 1092 3054 ίκείνης
1107 2990 1157 3053 τῆς
1173 2978 1306 3063 πράξεως.

181 3085 246 3143 Πῶς
260 3075 303 3149 δίς
321 3076 385 3158 οίνχί
398 3077 443 3132 καί
456 3076 607 3155 προτρίπον
625 3075 798 3154 εὑρεθήσεται
810 3077 841 3133 τὸ
858 3074 1008 3153 δαιμόνιον,
1026 3077 1055 3136 εί
1071 3102 1103 3158 γε
1123 3083 1216 3161 φωνην
1237 3081 1309 3155 αὐτῷ

124 3194 151 3244 23
181 3178 286 3258 ἀρῆκεν
308 3175 356 3246 «ἥ
379 3195 432 3249 με,
455 3175 547 3256 φησίν,
568 3173 626 3230 οὐκ
645 3172 680 3246 ἐᾷ
696 3173 830 3231 άπιὲναι
849 3177 924 3254 πρὶν
944 3174 980 3232 ἀν
1000 3177 1251 3257 άφοσιώσωμιιι,
1268 3179 1311 3243 ῶς

180 3299 210 3332 τι
236 3273 456 3352 ἡμαρτηκότα
484 3271 532 3336 είς
560 3273 595 3328 τὸ
623 3268 724 3328 θεῖον
740 3291 772 3348 ιι;
798 3273 829 3329 τὸ
851 3275 902 3354 γάρ
928 3281 1084 3354 περιμεῖναι
1108 3277 1310 3356 ἀφοσιώσασθαι

181 3373 379 3454 προτρέποντος
403 3373 448 3442 ήν.
469 3371 503 3427 'n
525 3371 622 3449 ῥητέον
646 3370 688 3426 θ’τι
711 3372 741 3427 τὸ
764 3372 813 3446 μὶν
835 3371 932 3437 εἰωθὸς
954 3381 1081 3449 σημεῖον,
1105 3376 1143 3439 ῶς
1165 3377 1210 3432 καί
1230 3375 1309 3441 αὐτὸς

181 3472 387 3546 ἐπεσημήνατο,
405 3469 557 3527 κωλυτικδν
572 3471 617 3540 ἦν·
639 3469 662 3526 εί
682 3469 733 3549 γάρ
752 3471 798 3526 καὶ
815 3469 879 3526 αιἰτδ
896 3475 972 3552 φωνή
992 3473 1031 3536 τίς
1046 3472 1127 3542 ἐστιν,
1146 3475 1184 3537 ῶς
1200 3475 1244 3531 καί
1258 3475 1308 3532 ἀλ-

182 3570 272 3652 λαχοῦ
293 3571 352 3627 εἷπε
368 3570 413 3625 καί
432 3573 488 3641 νῦν,
504 3567 570 3626 ἀλλ’
586 3569 696 3625 εἰωθυίά
709 3589 759 3639 τις,
774 3569 894 3626 τουτίστι
908 3569 1060 3643 κωλυτική
1077 3571 1100 3629 εί
1115 3571 1144 3628 δὲ
1159 3570 1249 3651 λε’γοις
1268 3573 1309 3629 ὅτι

128 3686 156 3737 ω
184 3671 230 3726 καὶ
248 3670 317 3739 α”άτη
338 3667 387 3742 μἐν
406 3671 424 3738 ή
445 3669 520 3746 ρωνή
541 3666 661 3724 ἐκώλυεν
680 3667 785 3724 ἀπιέναι
805 3666 995 3744 ίνδεικνυμίνη
1016 3669 1046 3726 τὸ
1067 3671 1260 3750 άμάρτημα,ὁ
1281 3669 1309 3728 δὲ

186 3767 334 3846 Σωκράτης
365 3765 461 3824 λοιπὸν
490 3762 611 3822 συνοῖδεν
639 3762 684 3845 ἀφ’
711 3766 806 3823 ίαυτοῦ
837 3765 879 3823 θ’τι
905 3764 959 3823 δίοι
987 3767 1066 3824 αὑτὸν
1098 3769 1307 3850 ἀφοσιώσασθαι,

214 4059 246 4110 25
261 4056 343 4108 2420
405 4055 437 4107 28
454 4057 567 4122 ἀλλαχοῦ
586 4054 689 4119 ΤΙισαρ.
704 4053 751 4105 129
767 4054 789 4105 Β
805 4069 812 4106 ι
829 4054 866 4107 οῖ.
882 4054 1007 4124 Ευελμιί.
1022 4056 1106 4110 272Ε

216 4185 277 4238 ΤῙΤ
293 4185 310 4235 7
324 4187 379 4253 περί
395 4187 506 4248 σημείων
522 4183 543 4234 G
605 4181 636 4233 12
653 4183 755 4248 ἀπορία.
771 4177 842 4240 λύσις
855 4180 954 4232 Acon
1041 4183 1045 4199 '

216 4324 262 4375 Nc
283 4321 397 4386 Ῑτίνθι]
420 4321 463 4372 τὸν
483 4320 512 4370 Μ
577 4315 757 4384 ἀπεκλήρωσεν
778 4317 807 4366 Μ
835 4315 1006 4384 (ῖπεκληρῶθη
1026 4316 1254 4371 ὓαεειουεεαλυκ
1272 4317 1308 4371 εί.

185 4394 449 4460 Plar.L09.v1760
465 4393 499 4456 Α)
564 4393 637 4442 θκοί
652 4390 822 4453 ροεῖδὶοιιι.
839 4390 868 4439 Μ
932 4392 1111 4455 λσυνίσθησις
1126 4392 1150 4442 D
1166 4392 1205 4456 (in
1222 4405 1309 4458 marg.

184 4469 257 4534 πεως)
321 4468 337 4531 ἢ
355 4466 399 4532 μὴ]
412 4465 428 4530 ἢ
446 4465 490 4530 μὲν
507 4463 555 4513 DE
568 4463 606 4523 (in
619 4476 704 4526 marg.
719 4461 743 4510 D
758 4465 837 4514 λείπει
846 4481 868 4513 ει
878 4465 1001 4514 ίνταῖιθαε
1017 4464 1038 4513 E
1050 4467 1112 4523 ἴσως
1124 4467 1202 4515 λείπει
1213 4465 1245 4526 τι)

183 4542 295 4592 ὅαὺεῶν
304 4539 368 4590 libri
431 4534 779 4602 ίάποερίπιήίπιτρέπειΜ
844 4534 1044 4600 8σχεθίντοςΜ
1110 4536 1141 4585 10
1155 4537 1310 4602 ἀποτροπίας

185 4612 213 4661 Μ
276 4611 308 4662 12
329 4609 467 4676 Σωκράτην
492 4608 521 4657 M
587 4609 615 4656 1³
638 4604 734 4672 ῶσπερ]
755 4603 790 4665 ῶς
804 4625 853 4657 που
871 4608 908 4656 A·
971 4607 1002 4656 18
1019 4609 1156 4673 ῖγείρεσθαι
1173 4607 1201 4655 Μ
1267 4609 1311 4656 καί

184 4690 247 4735 ante
269 4665 331 4750 πρίις
356 4694 411 4733 om.
437 4680 466 4730 M
531 4679 561 4730 19
581 4675 629 4729 καῖ’
651 4685 715 4728 κοῖα
741 4680 877 4744 προέτρεπε
897 4690 952 4728 om.
973 4677 1001 4726 M
1066 4679 1095 4728 21
1122 4677 1155 4742 μὴ
1178 4678 1203 4730 δί
1224 4680 1249 4726 Α

183 4755 215 4805 22
228 4753 396 4818 αὑτοκινήτων
415 4751 442 4802 Μ
459 4751 525 4815 (iam
540 4753 696 4801 correxerat
710 4749 778 4812 Asr)
841 4748 872 4798 2³
894 4751 1002 4812 καθῆκεν
1017 4747 1070 4799 Mi
1095 4752 1206 4815 καθῆκον
1226 4753 1249 4800 Α

184 4826 273 4892 ποιεῖν]
295 4829 360 4877 πιεῖν
382 4823 410 4873 Μ
427 4836 434 4872 2
449 4827 529 4876 ποιεῖν
543 4824 586 4873 καί
601 4824 660 4872 Aur
723 4819 755 4870 29
770 4822 849 4885 λίγιις
865 4819 892 4870 Μ
908 4818 948 4871 οί.
962 4819 1004 4883 66,
1017 4821 1036 4922 ρ
1050 4827 1078 4872 οῖ
1094 4821 1124 4872 12
