3604 5690
418 563 465 614 252
805 548 947 602 ΕΡΜΕΙΟΥ
968 547 1167 598 ΦΙΛΟΣΟΦΟΥ

330 709 394 778 [198]
427 737 466 746 -
481 702 545 759 Εἴτε
560 702 588 760 δέ
605 705 642 775 ἣν
657 703 718 784 οὐχ
730 702 825 762 ἓνεκα
840 711 896 762 τοῦ
911 703 1033 783 λέγειν,
1050 701 1145 774 ἐπειδὴ
1162 705 1189 759 οἱ
1205 703 1316 783 ῥήτορες
1332 701 1411 760 ἕνεκα
1423 709 1470 760 τοῦ
1484 725 1551 784 προ-

425 806 536 882 φορικοῦ
556 801 639 880 λόγου
658 803 767 860 ἀσκοῦσι
785 805 835 873 τὴν
855 804 1001 882 ῥητορικὴν
1019 804 1064 859 καί
1082 809 1132 859 τοῦ
1154 801 1338 883 κεχαρισμένα
1358 803 1403 858 καί
1422 801 1488 874 ἡδέα
1505 805 1550 859 καὶ

427 899 532 956 ἐπαίνου
551 895 612 965 ἄξια
628 902 700 980 παρὰ
719 907 777 966 τοῖς
798 901 947 980 ἀνθρώποις
969 899 1058 978 λέγειν
1077 901 1095 972 ἢ
1114 900 1253 978 πράττειν·
1270 898 1367 957 εἰδέναι
1382 898 1410 958 δέ
1425 899 1466 958 δεῖ
1481 901 1548 956 δτιδ

425 995 609 1078 κεχαρισμένα
629 995 723 1078 [παρά]
742 1003 800 1062 τοῖς
822 998 970 1077 ἀνθρώποις
990 999 1114 1076 πράττων
1134 997 1166 1054 οὐ
1186 998 1371 1079 κεχαρισμένα
1392 1004 1449 1062 τοῖς
1471 1005 1547 1062 θεοῖς

381 1095 395 1142 5
426 1101 510 1164 ποιεῖ,
532 1092 604 1151 ἀλλὰ
623 1096 668 1152 καί
688 1094 821 1153 ἀνάπαλιν
841 1099 855 1152 ὸ
873 1097 1056 1176 κεχαρισμένα
1069 1103 1128 1160 τοῖς
1144 1103 1221 1161 θεοῖς
1237 1096 1416 1176 πράττωνκαὶ
1431 1103 1487 1160 τοῖς
1502 1097 1548 1152 ἀν-

426 1193 543 1272 θρώποις
558 1195 678 1272 πράττει·
694 1200 731 1272 τῷ
746 1195 797 1274 γάρ
813 1197 942 1270 ὑμνοῦντα
956 1195 986 1251 τὸ
1002 1201 1081 1251 θεῖον
1096 1191 1243 1251 ακολουθεῖ
1261 1195 1306 1249 καὶ
1323 1201 1362 1268 τῷ
1379 1194 1498 1271 βελτίονι
1516 1196 1547 1250 τὸ

425 1298 533 1372 χεῖρον.
551 1325 589 1335 -
607 1292 641 1348 Τὸ
662 1289 690 1348 δέ
707 1293 892 1374 σοφώτεροι
911 1297 1017 1367 ἡμῶν,
1035 1295 1094 1349 οἷον
1109 1294 1136 1349 οἱ
1149 1293 1338 1370 Πυθαγόρειοι·
1356 1293 1434 1372 δγάρ
1450 1293 1547 1357 Πῶλος

427 1389 454 1445 έν
477 1394 513 1468 τῷ
535 1391 658 1468 Γοργίᾳ
679 1397 800 1472 ρανερῶς
823 1391 897 1448 εἶπεν
919 1391 960 1448 δ’τι
982 1391 1014 1448 οὐ
1034 1390 1117 1470 χρεία
1138 1390 1192 1448 έστὶ
1212 1391 1243 1447 τδ
1265 1389 1362 1462 ἀληθές
1385 1388 1482 1447 εἰδέναι
1502 1389 1548 1447 τὸν

427 1488 539 1566 ῥήτορα,
562 1489 628 1566 πρὸς
649 1491 679 1546 δν
700 1491 800 1553 ἰκανῶς
820 1489 972 1562 ἠναντιώθη
996 1491 1010 1546 δ
1034 1490 1194 1568 Σωκράτης·
1218 1489 1285 1546 ὥστε
1306 1495 1364 1552 τοῖς
1387 1490 1435 1563 μέν
1458 1495 1549 1569 σοροῐς

366 1583 396 1634 10
428 1583 503 1672 δοκεῖΙ
516 1586 548 1641 τά
563 1583 693 1644 δοκοῦντα
709 1588 856 1666 Σωκράτει,
874 1593 932 1651 τοῖς
949 1586 977 1644 δὲ
991 1588 1060 1644 κατά
1074 1589 1119 1644 τὸν
1135 1585 1234 1645 Πῶλον
1248 1587 1281 1643 τδι
1297 1587 1410 1648 ἐναντία.

468 1765 541 1840 σμζ’.
566 1763 784 1841 Ὀμοδούλοις
806 1765 865 1844 δεῖ]
890 1767 948 1825 273
971 1765 1007 1824 Ε.

469 1923 512 1988 Ὦς
530 1925 638 1982 πάντων
656 1929 739 1997 ἡμῶν
759 1923 945 1993 δεσποζόντων
964 1931 1017 1983 τῶν
1036 1930 1124 1996 θεῶν,
1146 1924 1223 2003 λέγει
1242 1924 1283 1980 δτι
1298 1923 1329 1980 οδ
1345 1921 1385 1980 δεῖ
1400 1922 1549 2001 ἀνθρώποις

429 2020 598 2103 χαρίζεσθαι.
615 2057 654 2066 -
669 2019 738 2078 Ὅτι
759 2023 801 2097 μὴ
822 2022 999 2101 πάρεργον,
1023 2021 1080 2078 άντὶ
1100 2027 1147 2078 τοῦ
1169 2023 1191 2078 εί
1212 2023 1249 2095 μὴ
1269 2021 1412 2100 πάρεργον,
1433 2018 1551 2076 τουτέστι

428 2118 497 2176 κατά
512 2115 698 2194 συμὸεδηκός·
715 2120 924 2199 προηγούμενον
940 2120 992 2200 γάρ
1007 2119 1061 2176 ἐστι
1075 2119 1105 2175 τδ
1124 2126 1184 2184 τοῖς
1204 2126 1282 2184 θεοῖς
1298 2117 1467 2200 χαρίζεσθαι,
1485 2139 1552 2190 συμ-

366 2215 397 2266 15
430 2211 517 2273 ὅαίνει
536 2215 626 2274 δὲκαὶ
644 2217 794 2296 ἀνθρώποις
813 2220 994 2300 κεχαρισμένα
1011 2216 1100 2296 λέγειν
1119 2217 1183 2281 τοὺς
1202 2217 1384 2298 κεχαρισμένα
1398 2221 1456 2278 τοῖς
1472 2221 1551 2278 θεοῖς

431 2314 567 2392 λέγοντας.

469 2479 547 2555 σμη’.
571 2479 662 2538 Ἵλατ’
683 2481 712 2538 εί
735 2483 843 2560 μακρά
863 2486 881 2552 ἡ
903 2478 1075 2561 περίοδος]
1099 2480 1157 2539 274
1181 2479 1218 2538 Α.

469 2637 499 2694 Ἠ
514 2645 564 2708 τῆς
579 2637 696 2710 ἀληθοῦς
717 2638 862 2718 ῥητορικῆς
884 2638 956 2702 ὁδός.
973 2676 1013 2687 -
1033 2640 1195 2720 Μεγάλων
1214 2642 1274 2721 γάρ
1291 2638 1400 2697 ἐ’νεκα·
1422 2640 1484 2718 δρᾷς
1501 2639 1552 2716 γάρ

432 2736 473 2794 ὅτι
490 2736 520 2791 τὸ
535 2732 611 2800 τέλος
629 2743 678 2807 τῆς
693 2735 839 2816 ῥητορικῆς
857 2739 892 2802 είς
907 2738 988 2801 θεοὺς
1004 2739 1149 2818 ἀνήγαγεν·
1167 2737 1207 2796 δεῖ
1220 2739 1281 2817 γάρ,
1293 2734 1356 2819 ἐ’ρη,
1369 2736 1552 2816 κεχαρισμένα

368 2841 399 2892 20
431 2839 507 2897 θεοῖς
525 2839 612 2891 ποιεῖν
630 2834 676 2890 καίΙ
696 2833 726 2890 οὖ
745 2835 778 2890 τά
795 2836 913 2914 τυχόντα
932 2833 1022 2913 λέγειν
1044 2837 1061 2906 ἢ
1086 2838 1222 2917 πράττειν,
1248 2834 1309 2892 οὐδὲ
1331 2834 1481 2914 ἀνθρώποις
1501 2855 1553 2913 χα-

431 2933 557 3011 ρίζεσθαι,
576 2933 649 3006 εἰμὴ
664 2931 695 2988 δν
710 2932 749 2996 ὡς
766 2931 793 2988 ἐν
807 2932 946 3014 παρέργῳ.

471 3115 544 3194 σμΟ’.
570 3113 616 3204 ΠΕ
640 3116 787 3194 ἐκείνων]
810 3118 869 3176 274
891 3117 927 3176 A.

470 3276 606 3334 Τουτέστιν
624 3275 653 3332 έκ
671 3280 725 3330 τῶν
744 3281 831 3332 θεῶν·
853 3274 917 3332 ὅταν
937 3275 987 3354 γάρ
1006 3275 1073 3355 πρὸς
1094 3273 1176 3338 θεοὺς
1194 3277 1212 3344 ἡ
1233 3271 1383 3332 ἀπόλαυσις
1402 3274 1458 3325 τῶν
1471 3266 1554 3346 λεγο·

433 3375 521 3452 μένων
535 3375 580 3430 καὶ
594 3371 786 3454 πραττομένων
801 3372 832 3448 ᾖ,
847 3372 910 3429 τότε
923 3371 1011 3429 πάντα
1025 3371 1085 3428 κατ’
1100 3371 1178 3451 ὀρθὸν
1193 3374 1262 3446 ἡμῖν
1276 3364 1426 3449 προὸαίνει.

369 3565 399 3617 25
471 3543 521 3602 σν’.
546 3539 644 3598 Ἀλλά
664 3539 718 3594 καὶ
742 3537 963 3619 έπιχειροῦντί
983 3542 1046 3616 τοι]
1069 3541 1128 3599 274
1149 3538 1186 3597 Α.

470 3705 608 3762 Τουτέστιν
621 3703 752 3785 ἐγχειρεῖν
766 3704 813 3777 μέν
828 3705 910 3760 άπασι
923 3712 984 3768 τοῖς
999 3703 1105 3776 καλοῖς,
1123 3706 1211 3785 ρέρειν
1226 3703 1254 3760 δὲ
1267 3703 1307 3759 ὅτι
1321 3700 1352 3758 ἂν
1367 3700 1430 3766 θεδς
1445 3698 1481 3778 δῷ
1495 3720 1555 3777 γεν-

431 3805 524 3868 ναίως·
540 3802 678 3860 έπαινετέα
690 3799 735 3858 οὗν
748 3800 848 3874 ἐστινὴ
866 3802 908 3858 ἐπὶ
920 3808 979 3868 τοῖς
992 3802 1085 3866 καλοῖς
1100 3802 1281 3884 ἐπιχείρησις,
1296 3799 1344 3856 κάν
1358 3797 1553 3879 ἀποτυγχάνειν
1649 3853 1660 3892 3

432 3925 470 3968 τις
486 3901 578 3978 μέλλῃ
594 3900 612 3971 ἣ
627 3901 743 3982 πάσχειν
759 3901 848 3957 ὁτιοῦν
863 3897 898 3956 δι’
911 3901 975 3957 αὐτὸ
990 3906 1080 3960 τοῦτο.

462 4095 484 4144 8.
505 4091 588 4157 Οονρ.
604 4091 649 4141 461
667 4089 736 4140 B-C.

466 4211 512 4262 Nc
530 4213 542 4260 1
560 4208 600 4275 ἢν]
614 4212 657 4260 νῦν
677 4209 719 4258 E:
738 4221 793 4258 om.
815 4207 843 4257 M
908 4207 923 4257 2
943 4213 1128 4276 κεχαρισμένου
1146 4211 1183 4258 A·
1244 4208 1257 4256 3
1280 4208 1368 4257 εἰδέναι
1389 4209 1421 4266 Α,
1443 4203 1501 4256 οὐδέ
1520 4218 1554 4255 ex

434 4287 483 4338 εἶδέ
498 4283 573 4334 effla
636 4279 816 4346 έπαρδιδθοί.
882 4278 1241 4347 οίι-5πράττωνοω.ΜΕ
1305 4277 1366 4329 ὃτδι
1381 4276 1504 4328 ἀνάπαλιν
1519 4281 1555 4324 A·

495 4355 510 4404 6
527 4355 661 4406 ἀκολουθεῖ
672 4351 718 4400 vix
732 4350 833 4414 legitur
846 4351 875 4399 in
889 4353 913 4400 A
976 4353 1019 4401 ναι
1036 4377 1066 4386 -
1085 4351 1099 4399 7
1115 4356 1199 4417 χεῖρον
1213 4355 1341 4413 corrupta
1355 4348 1456 4397 frustra
1469 4347 1555 4396 inter-

435 4426 533 4492 pretari
547 4429 661 4474 conatus
673 4429 715 4472 est
729 4425 788 4470 Αεέ
849 4421 864 4469 7
880 4421 896 4484 ἢ
912 4427 972 4486 post
985 4425 1056 4486 ἡμῶν
1071 4422 1151 4483 (Plat.
1166 4421 1224 4472 cod.
1238 4421 1273 4484 Τ;
1292 4420 1352 4470 cod.
1369 4419 1391 4468 B
1406 4431 1460 4468 om.
1474 4420 1554 4483 ἡμῶν)

436 4511 488 4548 ιιοιι
505 4496 603 4560 legisse
618 4493 727 4544 videtur
743 4492 869 4542 Hermias
932 4493 947 4542 9
964 4494 1116 4556 ὴνανιίωσεν
1130 4496 1166 4542 A²
1224 4492 1255 4542 10
1271 4493 1313 4542 τὸν
1325 4491 1417 4540 Πῶλον
1432 4503 1512 4538 evan.
1526 4489 1555 4538 in

435 4573 457 4620 Λ
523 4569 551 4618 11
570 4561 878 4629 ὁμοδούλοις,ὁι·υί)ι·.Α
942 4561 1401 4631 15λέγειν-κεχαρισμάναοωΜ
1467 4560 1498 4610 16
1514 4563 1555 4610 λε’-

436 4639 542 4706 γοντιΜ
608 4636 637 4686 17
652 4633 873 4696 ὥστ’,ὣτυυεΑ
937 4629 1181 4699 ή]ἧΡ1αι.οοι1.Β
1244 4633 1276 4684 19
1290 4636 1327 4684 δεῖ
1336 4631 1482 4694 εοτίρείετί
1492 4631 1555 4680 libri

497 4711 528 4760 ευ
543 4712 567 4766 ιι
580 4707 653 4757 rubr.
664 4711 688 4758 A
751 4706 781 4758 ει
796 4703 868 4773 προς]
883 4707 916 4764 τις
930 4706 958 4755 ιι
983 4691 988 4710 ’
1023 4705 1054 4756 25
1071 4708 1144 4768 ειιε,
1163 4707 1178 4758 ε
1194 4705 1267 4756 rubr.
1280 4708 1305 4755 A
1368 4705 1410 4754 ιιι
1424 4715 1479 4754 om.
1493 4701 1521 4752 ιιι
