3538 5686
416 591 449 644 ιι
794 583 936 636 eruerer
956 583 1152 637 ψιιιοεοοοιι

339 743 388 810 [66]
415 736 499 808 αὐτῆς
513 744 563 808 τῆς
577 737 681 816 ρόσεως
695 737 725 793 τὸ
740 734 822 794 θεῖόν
839 738 910 796 έστιν
925 737 1102 820 δημιουργὸν,
1118 737 1144 805 ίξ
1166 738 1236 810 ὕλης
1258 740 1329 797 ίίπαν
1347 738 1528 814 είδοποιοοσα,

413 835 444 892 οιί
467 837 544 906 ζητεῖ
564 835 777 914 προηγουμένως
799 837 880 902 ποίας
904 834 968 919 ἔσχε
992 840 1040 902 τδς
1065 839 1186 919 ἂρορμδς
1208 841 1225 910 ἡ
1252 837 1307 911 ίίλη
1337 839 1381 896 καί
1409 833 1436 906 έξ
1462 839 1530 897 οίων

412 935 558 1008 κινήσεων,
585 932 658 992 ἀλλὰ
685 935 751 1014 πρὸς
777 941 856 992 ποῖον
882 935 961 1000 τίλος
989 933 1196 1007 ἐπιτηδειότητα
1224 933 1352 1016 ἔσχηκεν·
1377 936 1449 993 οίίτω
1476 937 1529 1016 γὰρ

411 1029 629 1107 δοκιμαζομίνης
653 1033 721 1088 κατὰ
741 1031 804 1097 τοὺς
827 1033 911 1106 αὐτῆς
934 1033 1034 1114 λόγους
1056 1034 1100 1090 καί
1122 1031 1271 1098 είδοποιοὺς
1300 1034 1429 1114 ἀριθμοὺς
1451 1031 1528 1092 τελε-

365 1139 379 1188 5
412 1136 575 1209 σιουργεῑτσι
592 1129 622 1186 τὸ
643 1127 827 1206 ἀποτέλεσμα·
841 1131 867 1188 τί
881 1133 932 1211 γὰρ
946 1132 969 1189 εί
983 1133 1014 1188 τὸ
1029 1131 1135 1212 σπέρμα
1156 1126 1184 1198 έξ
1204 1133 1334 1213 ἀρσρμῶν
1353 1133 1463 1212 ἀγαθῶν
1482 1134 1528 1188 καί

410 1227 555 1306 γενέσεων,
583 1227 648 1284 αὐτὸ
670 1225 699 1284 δέ
723 1227 772 1284 σιἰκ
794 1225 865 1286 ἔστιν
889 1229 955 1308 πρὸς
978 1229 1008 1286 τδ
1030 1226 1109 1294 τέλος
1132 1227 1236 1302 είιοδον,
1261 1229 1330 1286 κατιί
1350 1251 1408 1288 τινα
1427 1229 1528 1310 τρόπον

409 1323 631 1402 πλημμεληθέν;
657 1324 729 1384 Ἐπεὶ
750 1325 796 1384 οὖν
818 1328 833 1384 6
856 1327 905 1402 μέν
928 1326 1075 1408 Σωκράτης
1099 1331 1243 1399 ποιητικοῦ
1265 1325 1349 1406 λόγον
1370 1323 1439 1408 ἔχει,
1462 1328 1477 1384 6
1499 1325 1529 1384 δέ

409 1422 528 1504 Φαῖδρος
553 1423 659 1496 ὑλικοῦ,
684 1425 795 1489 είκότως
816 1424 1032 1506 προηγουμένως
1055 1425 1170 1498 ἐζήτησε
1191 1426 1241 1496 τὴν
1267 1425 1305 1489 είς
1330 1423 1410 1490 τέλος
1431 1425 1528 1498 ίπιτη-

410 1519 548 1594 δειότητα,
566 1522 602 1586 ὡς
617 1521 648 1579 δν
667 1524 705 1595 μὴ
722 1526 918 1604 μσταιομοχθῇ
936 1522 960 1580 εί
974 1545 1025 1580 που
1039 1523 1111 1602 παρά
1125 1544 1173 1580 του
1188 1520 1372 1598 ἐμποδίζοιτο,
1390 1523 1466 1595 Πλὴν
1480 1524 1526 1580 καί

347 1627 379 1680 10
410 1621 441 1676 τὸ
462 1619 561 1677 πόθεν
582 1618 712 1701 δευτέρως
729 1624 817 1692 ζητεῖ·
841 1620 901 1680 οὐδέ
923 1623 974 1702 γιλρ
997 1627 1077 1680 τοῦτο
1099 1621 1206 1701 μικρόν·
1229 1619 1355 1702 οὐδὲγὰρ
1370 1621 1484 1694 <δν>
1497 1621 1528 1679 έκ

409 1725 526 1797 πυρῆνος
547 1716 671 1795 ἄμπελος
691 1720 856 1797 βλαστησειι
874 1719 997 1794 πώποτε,
1019 1719 1082 1778 οὐδέ
1100 1743 1132 1800 γε
1150 1721 1180 1776 έκ
1198 1721 1327 1800 γιγάρτου
1342 1717 1441 1802 δόρνη,
1464 1718 1528 1779 ἀλλ’

409 1813 522 1875 ἕκαστον
536 1815 566 1874 Iu
584 1822 640 1874 τῶν
655 1815 728 1875 ίδίων
743 1819 839 1899 ἀρχῶν
852 1819 922 1875 κατέ
935 1819 980 1875 τδν
997 1817 1081 1896 λόγον
1096 1826 1144 1891 τῆς
1159 1819 1273 1898 ρίσεως.

453 1913 611 1994 Ἐρωτηθείς
636 1917 650 1972 6
674 1915 733 1980 νέος
759 1915 861 1988 διπλῆν
886 1919 936 1990 την
962 1916 1093 1997 ἐρώτησιν
1120 1915 1221 1988 διπλῆν
1243 1919 1288 1974 καί
1313 1920 1363 1989 τὴν
1388 1917 1526 1996 ἀπόκρισιν

320 2033 346 2084 ρ.
363 2019 395 2070 67
411 2007 521 2086 δέδωκε,
548 2012 622 2084 πλὴν
647 2014 677 2070 τὸ
712 2015 760 2088 μέν
792 2014 956 2095 φαινόμενον
986 2015 1055 2071 κατέ
1085 2015 1168 2086 ζῆλον
1197 2015 1344 2095 Ὁμηρικὸν
1372 2015 1528 2096 σσΙρηνείας

348 2118 379 2169 15
410 2110 490 2192 χάριν
504 2111 604 2192 χιάσας
619 2111 704 2184 αὐτὴν
719 2113 796 2193 (πρὸς
810 2114 861 2192 γὰρ
876 2115 907 2170 τὸ
921 2113 1021 2170 πόθεν
1036 2113 1213 2186 ἀπήντησε...
1228 2115 1299 2170 κατὰ
1312 2115 1343 2170 τὸ

790 2249 899 2327 οἰμωγή
927 2271 956 2307 τε
983 2250 1028 2305 καί
1054 2248 1206 2332 εὐχωλαί...

729 2342 871 2404 ὀλλύντων
894 2368 925 2404 τε
948 2347 993 2403 καί
1018 2345 1202 2428 ὀλλυμένων),

409 2473 440 2529 τὸ
452 2471 480 2530 δέ
495 2473 644 2549 νοούμενον
656 2473 697 2530 δτι
710 2473 797 2532 έκεῖνο
811 2473 844 2547 δὴ
857 2475 888 2531 τδ
902 2473 1024 2556 δεύτερον
1037 2478 1081 2532 καὶ
1096 2478 1110 2533 6
1126 2474 1209 2555 λόγος
1221 2474 1293 2532 οίδεν
1305 2473 1524 2554 ἀναγκαιότερον,

410 2570 496 2628 Sem
516 2573 547 2628 τὸ
568 2578 616 2629 ποῖ
636 2573 798 2652 πορεύεται;
814 2572 961 2654 διετηρήθη
982 2579 1048 2652 γοῦν
1070 2573 1178 2654 ὕστερον
1199 2573 1244 2630 ’ίνα
1266 2571 1395 2650 ὑπανοίίη
1413 2594 1448 2648 τη
1467 2593 1525 2628 συν-

346 2680 378 2732 20
410 2669 487 2741 ουσία
508 2669 571 2732 τοὺς
594 2669 702 2748 λόγους·
727 2669 798 2728 ίδιον
820 2669 848 2728 δέ
868 2677 948 2729 τοῦτο
968 2674 1013 2729 καὶ
1033 2671 1224 2753 λογογράφοις,
1243 2669 1328 2728 πλέον
1347 2669 1375 2728 δὲ
1393 2676 1450 2733 τοῖς
1470 2668 1527 2726 δια-

409 2767 531 2846 λυγικοῑς
553 2771 597 2825 καί
613 2769 686 2843 αὐτῷ
701 2767 838 2830 Πλάτωνι.
854 2769 891 2828 ’Ἡ
906 2769 1011 2834 ἄλλως·
1032 2776 1081 2827 τοῦ
1104 2771 1204 2828 πόθεν
1219 2768 1302 2848 λόγον
1317 2767 1426 2849 ἔχοντος
1442 2766 1523 2840 ὕλης,

409 2869 455 2920 τοῦ
478 2861 582 2922 δέπαϊ
605 2863 702 2938 είδους,
726 2865 872 2944 ἐπενέγκας
893 2872 933 2940 τῷ
951 2867 1052 2924 πόθεν
1072 2867 1102 2923 τὸ
1124 2873 1180 2924 ποῖ
1201 2863 1284 2932 ἔδειξε
1305 2867 1336 2922 τὸ
1351 2863 1423 2929 εἶδος
1448 2887 1524 2922 συνα·

408 2966 500 3042 γωγὸν
523 2966 567 3020 καί
589 2965 722 3045 δριστικδν
743 2973 792 3036 τῆς
807 2963 877 3038 ’όλης
899 2966 978 3024 εἶναι.
1002 2967 1050 3021 Καὶ
1072 2968 1086 3023 6
1111 2966 1158 3040 μέν
1183 2967 1328 3044 Σωκράτης
1351 2967 1396 3021 οἷα
1418 2963 1523 3040 ὑψηλὸς

407 3063 452 3118 καὶ
467 3061 612 3143 ριλόσοιρος
625 3063 655 3119 τὸ
676 3069 732 3120 ποῖ
754 3062 967 3142 προηγουμένως
984 3063 1112 3135 ἐζήτησεν
1131 3063 1169 3127 ὡς
1191 3061 1272 3136 είδος,
1290 3065 1304 3120 6
1324 3061 1352 3120 δέ
1366 3083 1398 3141 γε
1410 3059 1526 3140 Φαῖδρος

345 3168 376 3220 25
408 3157 507 3230 ἀτελὴς
523 3158 561 3216 ὢν
575 3163 619 3216 καί
634 3159 671 3217 ἔτι
691 3165 724 3236 τῇ
749 3161 875 3240 ῥητορεία
894 3161 1037 3242 προσέχων
1055 3165 1088 3236 τῇ
1108 3167 1168 3223 ταῖς
1187 3165 1242 3218 τῶν
1262 3165 1382 3240 μερικῶν
1396 3158 1525 3239 πραγμά-

407 3279 461 3313 των
476 3256 555 3321 ὕλαις
570 3257 702 3339 χρωμένη
717 3260 746 3315 τδ
761 3259 861 3316 πόθεν
876 3259 912 3324 ὡς
926 3255 996 3331 ίίλην
1010 3259 1176 3338 προέκρινεν.

449 3356 650 3434 Πορεόομαι]
664 3359 758 3436 Τριττιί
780 3377 820 3422 τις
834 3355 984 3436 εὑρίσκεται
998 3359 1016 3427 ί,
1032 3356 1183 3436 ἀπόκρισις,
1202 3359 1220 3428 ἢ
1238 3356 1287 3432 μέν
1302 3353 1446 3434 ἀναγκαία,
1462 3357 1480 3425 ἣ
1497 3351 1525 3410 δὲ

408 3451 606 3535 φιλάνθρωπος,
632 3457 648 3526 ἢ
671 3453 699 3511 δέ
717 3457 839 3534 περιττή·
864 3457 933 3512 οἷον·
957 3479 971 3510 ιι
994 3460 1046 3512 ποῦ
1069 3456 1083 3510 6
1105 3454 1193 3526 Δίων;
1208 3489 1247 3498 —-
1261 3453 1311 3511 οὐκ
1332 3449 1402 3510 ἔστιν
1424 3451 1489 3510 ὧδε·
1508 3475 1522 3506 ιι

408 3551 555 3629 ἀναγκαῖον
569 3557 658 3609 τοῦτο·
678 3576 692 3608 ιι
707 3553 756 3610 οὐκ
770 3549 839 3609 ἔστιν
859 3551 924 3625 ὧδε,
947 3551 1012 3610 ἀλλ’
1031 3551 1059 3610 έν
1078 3575 1112 3628 τη
1135 3549 1269 3632 διατριόῇ·
1294 3577 1308 3608 ιι
1331 3557 1410 3609 τοῦτο
1431 3551 1525 3632 ιριλέν-

347 3658 378 3708 36
409 3652 526 3729 θρωπον·
546 3675 560 3706 ιι
577 3651 625 3708 οὐκ
639 3647 708 3708 ἐ’στιν
721 3649 786 3722 ὧδε,
803 3649 867 3709 ἀλλ’
883 3650 910 3708 έν
924 3655 957 3726 τῇ
973 3647 1096 3730 διατριόῇ
1112 3653 1235 3722 ποιήσων
1249 3651 1279 3708 τὸ
1297 3652 1342 3708 καί
1356 3651 1397 3706 τό·
1416 3673 1430 3706 ιι
1446 3653 1523 3706 τοῦτο

407 3749 539 3828 περιττόν.
555 3750 589 3806 Τδ
609 3755 675 3828 γοῦν
693 3750 794 3806 πόθεν
813 3749 963 3827 ἀναγκαίαν
984 3751 1050 3826 [καὶ]
1073 3749 1161 3825 μόνην
1181 3746 1245 3831 ἔσχε
1262 3751 1312 3820 τὴν
1328 3749 1478 3828 ἀπόκρισιν,
1493 3747 1524 3803 τὸ

439 3957 470 4010 16
488 3961 510 4010 Θ
525 3959 598 4011 6465

439 4087 689 4148 ΝῦῙόπαςίΜΜ1
753 4089 1048 4156 Ξδφορμῖιςεκαλοω.
1065 4091 1094 4140 Μ
1158 4089 1441 4142 duel-Murrum.
1459 4087 1524 4139 ΜΒ

409 4161 466 4224 (qui
486 4161 513 4210 in
533 4160 656 4226 margine
670 4161 796 4225 praebeu:
816 4159 892 4211 deret
916 4159 1015 4228 quIdI:
1036 4163 1097 4214 haec
1118 4160 1203 4213 verba
1224 4161 1252 4211 in
1268 4164 1294 4212 Α
1315 4163 1416 4212 lineum
1440 4173 1524 4211 unam

408 4232 577 4283 constituunt
639 4233 654 4282 4
679 4231 830 4297 είδοποιοὺς]
859 4236 1077 4298 είδοπαιουμένους
1107 4237 1131 4283 Α
1153 4235 1190 4295 (v.
1223 4233 1336 4284 SanrIz
1360 4233 1389 4282 in
1413 4231 1525 4284 Hermoe

408 4305 464 4355 vol.
479 4303 571 4354 XVIII
583 4319 612 4368 p.
630 4305 685 4366 132)
747 4305 805 4356 716
819 4309 991 4370 πλημμεληυίν
1007 4309 1074 4363 Aer,
1089 4305 1137 4368 qui
1153 4305 1250 4356 deesse
1268 4305 1371 4355 lineam
1388 4317 1442 4354 uon
1463 4317 1525 4355 seu-

409 4383 480 4426 serat
541 4374 596 4441 οὖν]
611 4379 671 4441 γοῦν
687 4375 716 4425 Μ
779 4375 865 4442 λόγον]
880 4381 956 4443 λόγου
973 4378 1001 4427 Μ
1065 4377 1080 4426 9
1103 4375 1171 4443 παρά
1189 4375 1244 4442 του]
1268 4378 1326 4442 παρ’
1341 4375 1417 4427 αὑτοῦ
1432 4376 1461 4426 Μ

409 4447 440 4496 10
454 4447 483 4498 ἂν
498 4446 590 4498 rddidi
653 4446 682 4498 11
698 4447 838 4513 γιοω.Μ
903 4451 931 4498 13
946 4450 1083 4515 ἐρωτηθεὶς,
1099 4448 1198 4499 έευίιε.
1217 4451 1251 4507 Α,
1268 4448 1297 4498 iu
1317 4447 1441 4512 margine
1458 4445 1524 4498 etel-

409 4516 466 4569 lura
484 4519 566 4570 rubro
585 4518 693 4583 depicta
756 4520 786 4570 15
804 4517 904 4586 χιάσσς]
920 4523 1010 4587 σχίσας
1028 4520 1085 4569 Aer
1147 4525 1208 4582 post
1227 4519 1352 4584 ἀπήντησε
1372 4520 1468 4570 deesse
1483 4517 1524 4570 vi·

409 4589 510 4640 dentur
530 4590 614 4641 verbe
637 4591 664 4641 τὸ
690 4591 759 4659 παρὰ
780 4591 888 4651 Λυσίου,
913 4591 965 4640 uisi
988 4603 1021 4641 ea
1051 4597 1144 4642 mente
1167 4591 1314 4643 subaudire
1333 4589 1463 4641 maluerIs

409 4657 440 4710 22
460 4660 603 4727 ἐπενέγκας]
627 4661 746 4727 ἐπήνεγκε
768 4662 796 4710 Μ
860 4661 892 4712 26
905 4661 975 4726 ὕλην]
1000 4661 1046 4726 ὕλη
1070 4663 1099 4712 Μ
1125 4661 1193 4725 (jem
1216 4667 1372 4714 correxerat
1394 4663 1461 4724 Αετλ

409 4729 440 4781 27
454 4729 603 4800 πορεύομαι,
618 4751 636 4783 ιι
649 4732 723 4783 rubr.
739 4735 777 4782 A:
793 4745 847 4784 om.
862 4733 890 4782 Μ
955 4736 1039 4797 ηοω.
1055 4733 1084 4782 Μ
1149 4733 1178 4784 31
1191 4737 1233 4785 καὶ
1246 4731 1348 4784 seelusi
