<?xml version="1.0" encoding="UTF-8"?>
<!DOCTYPE html PUBLIC "-//W3C//DTD XHTML 1.0 Transitional//EN"
    "http://www.w3.org/TR/xhtml1/DTD/xhtml1-transitional.dtd">
<html xmlns="http://www.w3.org/1999/xhtml" xml:lang="en" lang="en">
 <head>
  <title>
</title>
<meta http-equiv="Content-Type" content="text/html;charset=utf-8" />
  <meta name='ocr-system' content='tesseract 3.04.00' />
  <meta name='ocr-capabilities' content='ocr_page ocr_carea ocr_par ocr_line ocrx_word'/>
</head>
<body>
  <div class='ocr_page' id='page_1' title='image "./hermiaealexandr00couvgoog_0288.png"; bbox 0 0 3604 5690; ppageno 0'>
   <div class='ocr_carea' id='block_1_1' title="bbox 466 627 1349 688">
    <p class='ocr_par' dir='ltr' id='par_1_1' title="bbox 466 627 1349 688">
     <span class='ocr_line' id='line_1_1' title="bbox 466 627 1349 688; baseline 0 -6"><span class='ocrx_word' id='word_1_1' title='bbox 466 629 521 682; x_wconf 84' lang='grc' dir='ltr'>ΕΙΣ</span> <span class='ocrx_word' id='word_1_2' title='bbox 542 632 604 684; x_wconf 83' lang='lat' dir='ltr'>TON</span> <span class='ocrx_word' id='word_1_3' title='bbox 626 627 803 682; x_wconf 70' lang='lat' dir='ltr'><strong>nAAmNox</strong></span> <span class='ocrx_word' id='word_1_4' title='bbox 823 627 966 680; x_wconf 73' lang='grc' dir='ltr'><strong>ΦΛΙΔΡΟΝ</strong></span> <span class='ocrx_word' id='word_1_5' title='bbox 990 627 1113 680; x_wconf 79' lang='grc' dir='ltr'><strong><em>ΣΧΟΜΔ</em></strong></span> <span class='ocrx_word' id='word_1_6' title='bbox 1302 637 1349 688; x_wconf 78' lang='lat'>21³</span> 
     </span>
    </p>
   </div>
   <div class='ocr_carea' id='block_1_2' title="bbox 134 778 1351 1352">
    <p class='ocr_par' dir='ltr' id='par_1_2' title="bbox 134 778 1351 1154">
     <span class='ocr_line' id='line_1_2' title="bbox 134 778 1348 862; baseline -0.001 -21"><span class='ocrx_word' id='word_1_7' title='bbox 134 789 193 856; x_wconf 65' lang='lat'>[177]</span> <span class='ocrx_word' id='word_1_8' title='bbox 225 783 361 850; x_wconf 75' lang='grc' dir='ltr'>νυστάζειν</span> <span class='ocrx_word' id='word_1_9' title='bbox 383 779 429 839; x_wconf 70' lang='grc' dir='ltr'>καί</span> <span class='ocrx_word' id='word_1_10' title='bbox 453 781 549 862; x_wconf 73' lang='grc' dir='ltr'>άργοίος</span> <span class='ocrx_word' id='word_1_11' title='bbox 572 781 640 840; x_wconf 86' lang='grc' dir='ltr'>εἶναι</span> <span class='ocrx_word' id='word_1_12' title='bbox 661 784 711 854; x_wconf 79' lang='grc' dir='ltr'>τήν</span> <span class='ocrx_word' id='word_1_13' title='bbox 734 779 860 840; x_wconf 81' lang='grc' dir='ltr'>διάνοιαν.</span> <span class='ocrx_word' id='word_1_14' title='bbox 885 778 988 838; x_wconf 82' lang='grc' dir='ltr'>Είδέναι</span> <span class='ocrx_word' id='word_1_15' title='bbox 1009 779 1036 838; x_wconf 79' lang='grc' dir='ltr'>δέ</span> <span class='ocrx_word' id='word_1_16' title='bbox 1058 780 1098 840; x_wconf 79' lang='grc' dir='ltr'>δεῖ</span> <span class='ocrx_word' id='word_1_17' title='bbox 1116 783 1207 846; x_wconf 84' lang='grc' dir='ltr'>καθὼς</span> <span class='ocrx_word' id='word_1_18' title='bbox 1231 785 1274 840; x_wconf 82' lang='grc' dir='ltr'>καί</span> <span class='ocrx_word' id='word_1_19' title='bbox 1295 781 1348 856; x_wconf 72' lang='grc' dir='ltr'>ἤδη</span> 
     </span>
     <span class='ocr_line' id='line_1_3' title="bbox 227 876 1350 958; baseline -0.001 -21"><span class='ocrx_word' id='word_1_20' title='bbox 227 876 339 954; x_wconf 75' lang='grc' dir='ltr'>εἴπομεν</span> <span class='ocrx_word' id='word_1_21' title='bbox 353 878 394 936; x_wconf 87' lang='grc' dir='ltr'>ότι</span> <span class='ocrx_word' id='word_1_22' title='bbox 409 878 440 935; x_wconf 85' lang='grc' dir='ltr'>οδ</span> <span class='ocrx_word' id='word_1_23' title='bbox 457 879 517 958; x_wconf 79' lang='grc' dir='ltr'>περὶ</span> <span class='ocrx_word' id='word_1_24' title='bbox 533 878 680 957; x_wconf 75' lang='grc' dir='ltr'>ῥητορικῆς</span> <span class='ocrx_word' id='word_1_25' title='bbox 697 879 780 952; x_wconf 84' lang='grc' dir='ltr'>μόνον</span> <span class='ocrx_word' id='word_1_26' title='bbox 795 884 915 934; x_wconf 83' lang='grc' dir='ltr'>ποιεῖται</span> <span class='ocrx_word' id='word_1_27' title='bbox 928 877 975 934; x_wconf 88' lang='grc' dir='ltr'>τὸν</span> <span class='ocrx_word' id='word_1_28' title='bbox 990 876 1083 956; x_wconf 90' lang='grc' dir='ltr'>λόγον,</span> <span class='ocrx_word' id='word_1_29' title='bbox 1100 877 1167 936; x_wconf 84' lang='grc' dir='ltr'>άλλά</span> <span class='ocrx_word' id='word_1_30' title='bbox 1184 882 1246 958; x_wconf 79' lang='grc' dir='ltr'>περὶ</span> <span class='ocrx_word' id='word_1_31' title='bbox 1261 881 1350 951; x_wconf 90' lang='grc' dir='ltr'>πάσης</span> 
     </span>
     <span class='ocr_line' id='line_1_4' title="bbox 226 971 1349 1058; baseline 0 -24"><span class='ocrx_word' id='word_1_32' title='bbox 226 985 384 1058; x_wconf 70' lang='grc' dir='ltr'>συγγραφῆς</span> <span class='ocrx_word' id='word_1_33' title='bbox 404 977 450 1032; x_wconf 82' lang='grc' dir='ltr'>καί</span> <span class='ocrx_word' id='word_1_34' title='bbox 469 978 570 1042; x_wconf 86' lang='grc' dir='ltr'>παντὸς</span> <span class='ocrx_word' id='word_1_35' title='bbox 589 983 637 1034; x_wconf 81' lang='grc' dir='ltr'>τοῦ</span> <span class='ocrx_word' id='word_1_36' title='bbox 655 975 753 1055; x_wconf 83' lang='grc' dir='ltr'>λέγειν,</span> <span class='ocrx_word' id='word_1_37' title='bbox 773 975 839 1032; x_wconf 88' lang='grc' dir='ltr'>πότε</span> <span class='ocrx_word' id='word_1_38' title='bbox 857 973 948 1040; x_wconf 85' lang='grc' dir='ltr'>καλῶς</span> <span class='ocrx_word' id='word_1_39' title='bbox 962 971 1019 1032; x_wconf 80' lang='grc' dir='ltr'>ἔστι</span> <span class='ocrx_word' id='word_1_40' title='bbox 1037 977 1148 1058; x_wconf 83' lang='grc' dir='ltr'>γράφειν</span> <span class='ocrx_word' id='word_1_41' title='bbox 1166 979 1213 1034; x_wconf 85' lang='grc' dir='ltr'>καί</span> <span class='ocrx_word' id='word_1_42' title='bbox 1227 977 1349 1056; x_wconf 75' lang='grc' dir='ltr'>λέγεινῆ</span> 
     </span>
     <span class='ocr_line' id='line_1_5' title="bbox 227 1071 1351 1154; baseline -0.001 -23"><span class='ocrx_word' id='word_1_43' title='bbox 227 1077 277 1148; x_wconf 73' lang='grc' dir='ltr'>μή.</span> <span class='ocrx_word' id='word_1_44' title='bbox 300 1071 526 1146; x_wconf 79' lang='grc' dir='ltr'>Καθολικωτάτην</span> <span class='ocrx_word' id='word_1_45' title='bbox 545 1073 592 1130; x_wconf 72' lang='grc' dir='ltr'>οὖν</span> <span class='ocrx_word' id='word_1_46' title='bbox 610 1075 655 1131; x_wconf 84' lang='grc' dir='ltr'>καί</span> <span class='ocrx_word' id='word_1_47' title='bbox 674 1072 959 1147; x_wconf 84' lang='grc' dir='ltr'>έπιστημονικωτάτην</span> <span class='ocrx_word' id='word_1_48' title='bbox 980 1079 1098 1130; x_wconf 85' lang='grc' dir='ltr'>ποιεῖται</span> <span class='ocrx_word' id='word_1_49' title='bbox 1110 1075 1161 1145; x_wconf 69' lang='grc' dir='ltr'>τὴν</span> <span class='ocrx_word' id='word_1_50' title='bbox 1177 1071 1268 1140; x_wconf 80' lang='grc' dir='ltr'>δεῖξιν·</span> <span class='ocrx_word' id='word_1_51' title='bbox 1285 1075 1351 1154; x_wconf 87' lang='grc' dir='ltr'>πρό-</span> 
     </span>
    </p>

    <p class='ocr_par' dir='ltr' id='par_1_3' title="bbox 181 1167 1351 1352">
     <span class='ocr_line' id='line_1_6' title="bbox 181 1167 1351 1252; baseline -0.002 -22"><span class='ocrx_word' id='word_1_52' title='bbox 181 1184 195 1232; x_wconf 86' lang='grc'>5</span> <span class='ocrx_word' id='word_1_53' title='bbox 225 1194 301 1252; x_wconf 81' lang='grc' dir='ltr'>τερον</span> <span class='ocrx_word' id='word_1_54' title='bbox 325 1171 371 1228; x_wconf 72' lang='grc' dir='ltr'>οὖν</span> <span class='ocrx_word' id='word_1_55' title='bbox 392 1168 530 1250; x_wconf 68' lang='grc' dir='ltr'>παραδοὺς</span> <span class='ocrx_word' id='word_1_56' title='bbox 552 1171 617 1229; x_wconf 88' lang='grc' dir='ltr'>πότε</span> <span class='ocrx_word' id='word_1_57' title='bbox 640 1167 710 1228; x_wconf 78' lang='grc' dir='ltr'>ἔστιν</span> <span class='ocrx_word' id='word_1_58' title='bbox 732 1171 817 1250; x_wconf 84' lang='grc' dir='ltr'>ὀρθῶς</span> <span class='ocrx_word' id='word_1_59' title='bbox 838 1171 951 1250; x_wconf 87' lang='grc' dir='ltr'>γράφειν</span> <span class='ocrx_word' id='word_1_60' title='bbox 969 1171 1015 1228; x_wconf 82' lang='grc' dir='ltr'>καί</span> <span class='ocrx_word' id='word_1_61' title='bbox 1036 1173 1086 1245; x_wconf 78' lang='grc' dir='ltr'>μὴ,</span> <span class='ocrx_word' id='word_1_62' title='bbox 1107 1171 1152 1228; x_wconf 80' lang='grc' dir='ltr'>καί.</span> <span class='ocrx_word' id='word_1_63' title='bbox 1174 1172 1286 1236; x_wconf 76' lang='grc' dir='ltr'>κανόνας</span> <span class='ocrx_word' id='word_1_64' title='bbox 1303 1178 1351 1228; x_wconf 82' lang='grc' dir='ltr'>τοῦ</span> 
     </span>
     <span class='ocr_line' id='line_1_7' title="bbox 227 1265 1351 1352; baseline 0 -25"><span class='ocrx_word' id='word_1_65' title='bbox 227 1272 315 1352; x_wconf 79' lang='grc' dir='ltr'>ὀρθῶς</span> <span class='ocrx_word' id='word_1_66' title='bbox 329 1269 431 1348; x_wconf 88' lang='grc' dir='ltr'>λέγειν,</span> <span class='ocrx_word' id='word_1_67' title='bbox 446 1268 555 1350; x_wconf 79' lang='grc' dir='ltr'>ἔρχεται</span> <span class='ocrx_word' id='word_1_68' title='bbox 570 1271 682 1350; x_wconf 76' lang='grc' dir='ltr'>ὕστερον</span> <span class='ocrx_word' id='word_1_69' title='bbox 698 1270 736 1334; x_wconf 85' lang='grc' dir='ltr'>είς</span> <span class='ocrx_word' id='word_1_70' title='bbox 748 1270 778 1326; x_wconf 84' lang='grc' dir='ltr'>τὸ</span> <span class='ocrx_word' id='word_1_71' title='bbox 794 1274 931 1348; x_wconf 75' lang='grc' dir='ltr'>συγκρῖναι</span> <span class='ocrx_word' id='word_1_72' title='bbox 943 1267 1006 1332; x_wconf 71' lang='grc' dir='ltr'>τοὺς</span> <span class='ocrx_word' id='word_1_73' title='bbox 1018 1265 1065 1326; x_wconf 85' lang='grc' dir='ltr'>δόο</span> <span class='ocrx_word' id='word_1_74' title='bbox 1076 1267 1186 1348; x_wconf 77' lang='grc' dir='ltr'>λόγους,</span> <span class='ocrx_word' id='word_1_75' title='bbox 1195 1271 1241 1327; x_wconf 87' lang='grc' dir='ltr'>τὸν</span> <span class='ocrx_word' id='word_1_76' title='bbox 1254 1271 1351 1328; x_wconf 76' lang='grc' dir='ltr'>έαυτοῦ</span> 
     </span>
    </p>
   </div>
   <div class='ocr_carea' id='block_1_3' title="bbox 226 1363 1439 1446">
    <p class='ocr_par' dir='ltr' id='par_1_4' title="bbox 226 1363 1439 1446">
     <span class='ocr_line' id='line_1_8' title="bbox 226 1363 1439 1446; baseline 0 -22"><span class='ocrx_word' id='word_1_77' title='bbox 226 1370 272 1425; x_wconf 78' lang='grc' dir='ltr'>καὶ</span> <span class='ocrx_word' id='word_1_78' title='bbox 286 1369 332 1424; x_wconf 87' lang='grc' dir='ltr'>τὸν</span> <span class='ocrx_word' id='word_1_79' title='bbox 346 1367 457 1438; x_wconf 85' lang='grc' dir='ltr'>Λυσίου,</span> <span class='ocrx_word' id='word_1_80' title='bbox 473 1367 516 1424; x_wconf 80' lang='grc' dir='ltr'>έπί</span> <span class='ocrx_word' id='word_1_81' title='bbox 532 1366 733 1446; x_wconf 82' lang='grc' dir='ltr'>ὑποδείγματος</span> <span class='ocrx_word' id='word_1_82' title='bbox 749 1363 894 1438; x_wconf 76' lang='grc' dir='ltr'>έξετάζων,</span> <span class='ocrx_word' id='word_1_83' title='bbox 910 1367 954 1423; x_wconf 81' lang='grc' dir='ltr'>καί</span> <span class='ocrx_word' id='word_1_84' title='bbox 969 1366 1056 1432; x_wconf 87' lang='grc' dir='ltr'>οίίτως</span> <span class='ocrx_word' id='word_1_85' title='bbox 1072 1367 1124 1424; x_wconf 83' lang='grc' dir='ltr'>άπὸ</span> <span class='ocrx_word' id='word_1_86' title='bbox 1137 1373 1192 1424; x_wconf 91' lang='grc' dir='ltr'>τῶν</span> <span class='ocrx_word' id='word_1_87' title='bbox 1204 1366 1352 1425; x_wconf 86' lang='grc' dir='ltr'>καθολικω-</span> <span class='ocrx_word' id='word_1_88' title='bbox 1421 1395 1439 1410; x_wconf 87' lang='lat'>··</span> 
     </span>
    </p>
   </div>
   <div class='ocr_carea' id='block_1_4' title="bbox 168 1462 1352 1743">
    <p class='ocr_par' dir='ltr' id='par_1_5' title="bbox 168 1462 1352 1743">
     <span class='ocr_line' id='line_1_9' title="bbox 226 1462 1352 1546; baseline -0.004 -22"><span class='ocrx_word' id='word_1_89' title='bbox 226 1467 310 1546; x_wconf 88' lang='grc' dir='ltr'>τέρων</span> <span class='ocrx_word' id='word_1_90' title='bbox 324 1464 434 1546; x_wconf 76' lang='grc' dir='ltr'>ἔρχεται</span> <span class='ocrx_word' id='word_1_91' title='bbox 448 1465 484 1530; x_wconf 82' lang='grc' dir='ltr'>τίς</span> <span class='ocrx_word' id='word_1_92' title='bbox 497 1466 530 1522; x_wconf 86' lang='grc' dir='ltr'>τά</span> <span class='ocrx_word' id='word_1_93' title='bbox 543 1465 610 1522; x_wconf 84' lang='grc' dir='ltr'>κατά</span> <span class='ocrx_word' id='word_1_94' title='bbox 626 1467 718 1544; x_wconf 84' lang='grc' dir='ltr'>μέρος·</span> <span class='ocrx_word' id='word_1_95' title='bbox 736 1462 846 1540; x_wconf 90' lang='grc' dir='ltr'>μέλλων</span> <span class='ocrx_word' id='word_1_96' title='bbox 859 1463 906 1521; x_wconf 73' lang='grc' dir='ltr'>οὖν</span> <span class='ocrx_word' id='word_1_97' title='bbox 917 1470 998 1521; x_wconf 82' lang='grc' dir='ltr'>τοῦτο</span> <span class='ocrx_word' id='word_1_98' title='bbox 1009 1470 1097 1522; x_wconf 67' lang='grc' dir='ltr'>ποιεῖν</span> <span class='ocrx_word' id='word_1_99' title='bbox 1109 1465 1201 1544; x_wconf 78' lang='grc' dir='ltr'>ἀνάγει</span> <span class='ocrx_word' id='word_1_100' title='bbox 1210 1467 1256 1522; x_wconf 83' lang='grc' dir='ltr'>τὸν</span> <span class='ocrx_word' id='word_1_101' title='bbox 1269 1463 1352 1543; x_wconf 89' lang='grc' dir='ltr'>λόγον</span> 
     </span>
     <span class='ocr_line' id='line_1_10' title="bbox 227 1561 1352 1644; baseline -0.003 -23"><span class='ocrx_word' id='word_1_102' title='bbox 227 1564 271 1621; x_wconf 82' lang='grc' dir='ltr'>έπὶ</span> <span class='ocrx_word' id='word_1_103' title='bbox 290 1563 354 1626; x_wconf 75' lang='grc' dir='ltr'>τοὺς</span> <span class='ocrx_word' id='word_1_104' title='bbox 374 1563 486 1644; x_wconf 79' lang='grc' dir='ltr'>ἐφόρους</span> <span class='ocrx_word' id='word_1_105' title='bbox 503 1563 585 1629; x_wconf 58' lang='grc' dir='ltr'>θεοὺς</span> <span class='ocrx_word' id='word_1_106' title='bbox 600 1570 648 1621; x_wconf 75' lang='grc' dir='ltr'>τοῦ</span> <span class='ocrx_word' id='word_1_107' title='bbox 665 1563 751 1641; x_wconf 90' lang='grc' dir='ltr'>λόγου</span> <span class='ocrx_word' id='word_1_108' title='bbox 767 1564 810 1620; x_wconf 80' lang='grc' dir='ltr'>καὶ</span> <span class='ocrx_word' id='word_1_109' title='bbox 828 1562 861 1618; x_wconf 83' lang='grc' dir='ltr'>τά</span> <span class='ocrx_word' id='word_1_110' title='bbox 878 1561 965 1633; x_wconf 73' lang='grc' dir='ltr'>αἴτια,</span> <span class='ocrx_word' id='word_1_111' title='bbox 981 1563 1099 1620; x_wconf 80' lang='grc' dir='ltr'>τουτέστι</span> <span class='ocrx_word' id='word_1_112' title='bbox 1113 1563 1161 1628; x_wconf 89' lang='grc' dir='ltr'>τάς</span> <span class='ocrx_word' id='word_1_113' title='bbox 1176 1563 1296 1628; x_wconf 79' lang='grc' dir='ltr'>Μοόαας.</span> <span class='ocrx_word' id='word_1_114' title='bbox 1313 1597 1352 1610; x_wconf 86' lang='grc'>--</span> 
     </span>
     <span class='ocr_line' id='line_1_11' title="bbox 168 1657 1351 1743; baseline -0.004 -21"><span class='ocrx_word' id='word_1_115' title='bbox 168 1673 197 1722; x_wconf 86' lang='grc'>10</span> <span class='ocrx_word' id='word_1_116' title='bbox 229 1659 339 1743; x_wconf 78' lang='grc' dir='ltr'>Σχολὴ</span> <span class='ocrx_word' id='word_1_117' title='bbox 364 1661 423 1736; x_wconf 79' lang='grc' dir='ltr'>μὶν</span> <span class='ocrx_word' id='word_1_118' title='bbox 443 1658 494 1732; x_wconf 79' lang='grc' dir='ltr'>δή·</span> <span class='ocrx_word' id='word_1_119' title='bbox 518 1661 608 1743; x_wconf 80' lang='grc' dir='ltr'>σχολὴ</span> <span class='ocrx_word' id='word_1_120' title='bbox 633 1662 671 1727; x_wconf 86' lang='grc' dir='ltr'>τίς</span> <span class='ocrx_word' id='word_1_121' title='bbox 693 1662 723 1718; x_wconf 87' lang='grc' dir='ltr'>τδ</span> <span class='ocrx_word' id='word_1_122' title='bbox 746 1659 925 1738; x_wconf 85' lang='grc' dir='ltr'>διαλέγεσθαι,</span> <span class='ocrx_word' id='word_1_123' title='bbox 949 1661 994 1716; x_wconf 88' lang='grc' dir='ltr'>καί</span> <span class='ocrx_word' id='word_1_124' title='bbox 1016 1657 1092 1718; x_wconf 79' lang='grc' dir='ltr'>οὐδέν</span> <span class='ocrx_word' id='word_1_125' title='bbox 1112 1663 1187 1737; x_wconf 75' lang='grc' dir='ltr'>ἡμᾶς</span> <span class='ocrx_word' id='word_1_126' title='bbox 1206 1660 1351 1741; x_wconf 86' lang='grc' dir='ltr'>περιέλκει·</span> 
     </span>
    </p>
   </div>
   <div class='ocr_carea' id='block_1_5' title="bbox 136 1757 1459 1842">
    <p class='ocr_par' dir='ltr' id='par_1_6' title="bbox 136 1757 1459 1842">
     <span class='ocr_line' id='line_1_12' title="bbox 136 1757 1459 1842; baseline -0.001 -25"><span class='ocrx_word' id='word_1_127' title='bbox 136 1769 211 1834; x_wconf 67' lang='lat' dir='ltr'>pm</span> <span class='ocrx_word' id='word_1_128' title='bbox 229 1760 348 1836; x_wconf 86' lang='grc' dir='ltr'>μάλιστα</span> <span class='ocrx_word' id='word_1_129' title='bbox 360 1761 412 1842; x_wconf 87' lang='grc' dir='ltr'>γάρ</span> <span class='ocrx_word' id='word_1_130' title='bbox 429 1759 436 1840; x_wconf 74' lang='grc'>1</span> <span class='ocrx_word' id='word_1_131' title='bbox 454 1759 626 1842; x_wconf 65' lang='grc' dir='ltr'>σγολαστικοί</span> <span class='ocrx_word' id='word_1_132' title='bbox 640 1759 766 1838; x_wconf 88' lang='grc' dir='ltr'>λέγονται</span> <span class='ocrx_word' id='word_1_133' title='bbox 781 1761 807 1817; x_wconf 92' lang='grc' dir='ltr'>οί</span> <span class='ocrx_word' id='word_1_134' title='bbox 821 1765 856 1835; x_wconf 79' lang='grc' dir='ltr'>τῇ</span> <span class='ocrx_word' id='word_1_135' title='bbox 871 1758 976 1839; x_wconf 65' lang='grc' dir='ltr'>Ξεωρίφ</span> <span class='ocrx_word' id='word_1_136' title='bbox 991 1757 1352 1841; x_wconf 78' lang='grc' dir='ltr'>σχολάζοντες.-Ἐντῷ</span> <span class='ocrx_word' id='word_1_137' title='bbox 1392 1793 1396 1800; x_wconf 90' lang='grc'>-</span> <span class='ocrx_word' id='word_1_138' title='bbox 1456 1769 1459 1776; x_wconf 89' lang='grc'><strong>’</strong></span> 
     </span>
    </p>
   </div>
   <div class='ocr_carea' id='block_1_6' title="bbox 169 1854 1357 3310">
    <p class='ocr_par' dir='ltr' id='par_1_7' title="bbox 227 1854 1356 2135">
     <span class='ocr_line' id='line_1_13' title="bbox 228 1854 1353 1939; baseline 0 -24"><span class='ocrx_word' id='word_1_139' title='bbox 228 1859 342 1938; x_wconf 78' lang='grc' dir='ltr'>πνίγει</span> <span class='ocrx_word' id='word_1_140' title='bbox 359 1857 398 1916; x_wconf 88' lang='grc' dir='ltr'>δέ·</span> <span class='ocrx_word' id='word_1_141' title='bbox 415 1858 446 1916; x_wconf 86' lang='grc' dir='ltr'>τὸ</span> <span class='ocrx_word' id='word_1_142' title='bbox 461 1858 489 1916; x_wconf 89' lang='grc' dir='ltr'>έν</span> <span class='ocrx_word' id='word_1_143' title='bbox 505 1854 664 1938; x_wconf 79' lang='grc' dir='ltr'>μεσημόρίφ</span> <span class='ocrx_word' id='word_1_144' title='bbox 679 1857 865 1937; x_wconf 86' lang='grc' dir='ltr'>λέγεσθαιτὸν</span> <span class='ocrx_word' id='word_1_145' title='bbox 879 1857 960 1936; x_wconf 80' lang='grc' dir='ltr'>λόγον</span> <span class='ocrx_word' id='word_1_146' title='bbox 975 1859 1119 1938; x_wconf 84' lang='grc' dir='ltr'>φέρειτινά</span> <span class='ocrx_word' id='word_1_147' title='bbox 1135 1859 1225 1916; x_wconf 80' lang='grc' dir='ltr'>εἰκόνα</span> <span class='ocrx_word' id='word_1_148' title='bbox 1241 1859 1307 1939; x_wconf 85' lang='grc' dir='ltr'>πρὸς</span> <span class='ocrx_word' id='word_1_149' title='bbox 1323 1860 1353 1916; x_wconf 89' lang='grc' dir='ltr'>τὸ</span> 
     </span>
     <span class='ocr_line' id='line_1_14' title="bbox 227 1951 1353 2038; baseline 0 -24"><span class='ocrx_word' id='word_1_150' title='bbox 227 1963 360 2038; x_wconf 85' lang='grc' dir='ltr'>κρεῖττον·</span> <span class='ocrx_word' id='word_1_151' title='bbox 376 1957 437 2014; x_wconf 89' lang='grc' dir='ltr'>τότε</span> <span class='ocrx_word' id='word_1_152' title='bbox 452 1957 502 2035; x_wconf 86' lang='grc' dir='ltr'>γάρ</span> <span class='ocrx_word' id='word_1_153' title='bbox 518 1958 532 2012; x_wconf 85' lang='grc' dir='ltr'>δ</span> <span class='ocrx_word' id='word_1_154' title='bbox 547 1955 612 2020; x_wconf 63' lang='grc' dir='ltr'>θεὸς</span> <span class='ocrx_word' id='word_1_155' title='bbox 627 1954 705 2026; x_wconf 77' lang='grc' dir='ltr'>ἣλιος</span> <span class='ocrx_word' id='word_1_156' title='bbox 721 1957 759 2022; x_wconf 84' lang='grc' dir='ltr'>ῶς</span> <span class='ocrx_word' id='word_1_157' title='bbox 774 1957 827 2013; x_wconf 80' lang='grc' dir='ltr'>ἀπὸ</span> <span class='ocrx_word' id='word_1_158' title='bbox 841 1957 952 2036; x_wconf 81' lang='grc' dir='ltr'>κέντρου</span> <span class='ocrx_word' id='word_1_159' title='bbox 964 1956 1050 2013; x_wconf 87' lang='grc' dir='ltr'>πάντα</span> <span class='ocrx_word' id='word_1_160' title='bbox 1070 1957 1239 2035; x_wconf 83' lang='grc' dir='ltr'>καταυγάζει·</span> <span class='ocrx_word' id='word_1_161' title='bbox 1260 1951 1353 2014; x_wconf 83' lang='grc' dir='ltr'>ἔπειτα</span> 
     </span>
     <span class='ocr_line' id='line_1_15' title="bbox 229 2052 1356 2135; baseline -0.004 -23"><span class='ocrx_word' id='word_1_162' title='bbox 229 2053 258 2113; x_wconf 81' lang='grc' dir='ltr'>δε</span> <span class='ocrx_word' id='word_1_163' title='bbox 271 2055 315 2112; x_wconf 83' lang='grc' dir='ltr'>καί</span> <span class='ocrx_word' id='word_1_164' title='bbox 329 2053 474 2133; x_wconf 82' lang='grc' dir='ltr'>άναγωγόν</span> <span class='ocrx_word' id='word_1_165' title='bbox 491 2053 545 2110; x_wconf 87' lang='grc' dir='ltr'>έστι</span> <span class='ocrx_word' id='word_1_166' title='bbox 557 2055 588 2110; x_wconf 88' lang='grc' dir='ltr'>τὸ</span> <span class='ocrx_word' id='word_1_167' title='bbox 605 2053 712 2132; x_wconf 64' lang='grc' dir='ltr'>εερμδν</span> <span class='ocrx_word' id='word_1_168' title='bbox 726 2055 772 2110; x_wconf 85' lang='grc' dir='ltr'>καί</span> <span class='ocrx_word' id='word_1_169' title='bbox 785 2053 931 2134; x_wconf 85' lang='grc' dir='ltr'>άνωφερές.</span> <span class='ocrx_word' id='word_1_170' title='bbox 949 2088 988 2098; x_wconf 93' lang='lat'>-</span> <span class='ocrx_word' id='word_1_171' title='bbox 1007 2054 1041 2110; x_wconf 82' lang='grc' dir='ltr'>Εί</span> <span class='ocrx_word' id='word_1_172' title='bbox 1057 2053 1123 2126; x_wconf 78' lang='grc' dir='ltr'>οὖν,</span> <span class='ocrx_word' id='word_1_173' title='bbox 1140 2055 1231 2135; x_wconf 86' lang='grc' dir='ltr'>φησὶν,</span> <span class='ocrx_word' id='word_1_174' title='bbox 1250 2052 1356 2116; x_wconf 83' lang='grc' dir='ltr'>’ίδοιενΙ</span> 
     </span>
    </p>

    <p class='ocr_par' dir='ltr' id='par_1_8' title="bbox 169 2147 1356 2622">
     <span class='ocr_line' id='line_1_16' title="bbox 169 2147 1354 2230; baseline -0.003 -20"><span class='ocrx_word' id='word_1_175' title='bbox 169 2162 198 2210; x_wconf 86' lang='grc'>15</span> <span class='ocrx_word' id='word_1_176' title='bbox 230 2153 257 2208; x_wconf 76' lang='grc' dir='ltr'>οἱ</span> <span class='ocrx_word' id='word_1_177' title='bbox 279 2150 429 2229; x_wconf 85' lang='grc' dir='ltr'>τέττιγες</span> <span class='ocrx_word' id='word_1_178' title='bbox 452 2151 478 2206; x_wconf 88' lang='grc' dir='ltr'>οί</span> <span class='ocrx_word' id='word_1_179' title='bbox 499 2150 576 2229; x_wconf 77' lang='grc' dir='ltr'>ὑπὲρ</span> <span class='ocrx_word' id='word_1_180' title='bbox 595 2149 744 2230; x_wconf 83' lang='grc' dir='ltr'>κεφαλῆς</span> <span class='ocrx_word' id='word_1_181' title='bbox 764 2153 859 2223; x_wconf 75' lang='grc' dir='ltr'>ἡμῶν</span> <span class='ocrx_word' id='word_1_182' title='bbox 879 2147 965 2223; x_wconf 74' lang='grc' dir='ltr'>ὄντες,</span> <span class='ocrx_word' id='word_1_183' title='bbox 980 2151 1114 2208; x_wconf 89' lang='grc' dir='ltr'>τουτέστιν</span> <span class='ocrx_word' id='word_1_184' title='bbox 1132 2152 1160 2206; x_wconf 77' lang='grc' dir='ltr'>αἱ</span> <span class='ocrx_word' id='word_1_185' title='bbox 1180 2157 1257 2208; x_wconf 64' lang='grc' dir='ltr'>θεῖαι</span> <span class='ocrx_word' id='word_1_186' title='bbox 1271 2151 1354 2230; x_wconf 78' lang='grc' dir='ltr'>ψυχαί</span> 
     </span>
     <span class='ocr_line' id='line_1_17' title="bbox 230 2246 1352 2328; baseline 0.002 -24"><span class='ocrx_word' id='word_1_187' title='bbox 230 2247 294 2319; x_wconf 80' lang='grc' dir='ltr'>ἤτοι</span> <span class='ocrx_word' id='word_1_188' title='bbox 309 2246 436 2323; x_wconf 89' lang='grc' dir='ltr'>δαίμονες</span> <span class='ocrx_word' id='word_1_189' title='bbox 450 2247 468 2318; x_wconf 74' lang='grc' dir='ltr'><strong>ἢ</strong></span> <span class='ocrx_word' id='word_1_190' title='bbox 482 2247 571 2328; x_wconf 77' lang='grc' dir='ltr'>ἥρωες</span> <span class='ocrx_word' id='word_1_191' title='bbox 585 2247 602 2319; x_wconf 69' lang='grc' dir='ltr'>ἢ</span> <span class='ocrx_word' id='word_1_192' title='bbox 618 2249 680 2305; x_wconf 65' lang='grc' dir='ltr'>θεοὶ</span> <span class='ocrx_word' id='word_1_193' title='bbox 695 2249 721 2304; x_wconf 85' lang='grc' dir='ltr'>οί</span> <span class='ocrx_word' id='word_1_194' title='bbox 737 2248 802 2327; x_wconf 74' lang='grc' dir='ltr'>ὑπὲρ</span> <span class='ocrx_word' id='word_1_195' title='bbox 817 2246 937 2328; x_wconf 81' lang='grc' dir='ltr'>κεφαλῆς</span> <span class='ocrx_word' id='word_1_196' title='bbox 948 2251 1031 2321; x_wconf 76' lang='grc' dir='ltr'>ἡμῶν</span> <span class='ocrx_word' id='word_1_197' title='bbox 1046 2247 1120 2314; x_wconf 83' lang='grc' dir='ltr'>ὄντες</span> <span class='ocrx_word' id='word_1_198' title='bbox 1132 2249 1177 2305; x_wconf 85' lang='grc' dir='ltr'>καὶ</span> <span class='ocrx_word' id='word_1_199' title='bbox 1192 2249 1256 2328; x_wconf 76' lang='grc' dir='ltr'>ὑπέρ</span> <span class='ocrx_word' id='word_1_200' title='bbox 1267 2252 1352 2322; x_wconf 78' lang='grc' dir='ltr'>ἡμᾶς,</span> 
     </span>
     <span class='ocr_line' id='line_1_18' title="bbox 229 2345 1353 2428; baseline -0.002 -24"><span class='ocrx_word' id='word_1_201' title='bbox 229 2345 419 2418; x_wconf 86' lang='grc' dir='ltr'>κατακηλου</span> <span class='ocrx_word' id='word_1_202' title='bbox 426 2347 544 2421; x_wconf 91' lang='grc' dir='ltr'>μένους</span> <span class='ocrx_word' id='word_1_203' title='bbox 564 2346 615 2402; x_wconf 80' lang='grc' dir='ltr'>ὑπὸ</span> <span class='ocrx_word' id='word_1_204' title='bbox 634 2345 734 2418; x_wconf 73' lang='grc' dir='ltr'>ἡδονῆς</span> <span class='ocrx_word' id='word_1_205' title='bbox 750 2349 794 2404; x_wconf 81' lang='grc' dir='ltr'>καί</span> <span class='ocrx_word' id='word_1_206' title='bbox 812 2345 993 2426; x_wconf 82' lang='grc' dir='ltr'>γλυκυθυμίας</span> <span class='ocrx_word' id='word_1_207' title='bbox 1008 2347 1052 2402; x_wconf 82' lang='grc' dir='ltr'>καὶ</span> <span class='ocrx_word' id='word_1_208' title='bbox 1066 2347 1300 2428; x_wconf 73' lang='grc' dir='ltr'>καταφερομένους</span> <span class='ocrx_word' id='word_1_209' title='bbox 1316 2348 1353 2411; x_wconf 83' lang='grc' dir='ltr'>εἷς</span> 
     </span>
     <span class='ocr_line' id='line_1_19' title="bbox 232 2443 1353 2526; baseline -0.001 -23"><span class='ocrx_word' id='word_1_210' title='bbox 232 2447 315 2503; x_wconf 81' lang='grc' dir='ltr'>ὕπνον</span> <span class='ocrx_word' id='word_1_211' title='bbox 334 2444 543 2524; x_wconf 81' lang='grc' dir='ltr'>καταγελῷεν</span> <span class='ocrx_word' id='word_1_212' title='bbox 562 2443 597 2502; x_wconf 84' lang='grc' dir='ltr'>δν</span> <span class='ocrx_word' id='word_1_213' title='bbox 615 2449 708 2520; x_wconf 79' lang='grc' dir='ltr'>ἡμῶν·</span> <span class='ocrx_word' id='word_1_214' title='bbox 730 2446 753 2503; x_wconf 88' lang='grc' dir='ltr'>εί</span> <span class='ocrx_word' id='word_1_215' title='bbox 772 2445 823 2524; x_wconf 88' lang='grc' dir='ltr'>γάρ</span> <span class='ocrx_word' id='word_1_216' title='bbox 841 2447 875 2503; x_wconf 91' lang='grc' dir='ltr'>τά</span> <span class='ocrx_word' id='word_1_217' title='bbox 894 2445 983 2516; x_wconf 59' lang='grc' dir='ltr'>θνητά</span> <span class='ocrx_word' id='word_1_218' title='bbox 996 2451 1051 2502; x_wconf 91' lang='grc' dir='ltr'>τῶν</span> <span class='ocrx_word' id='word_1_219' title='bbox 1070 2446 1158 2520; x_wconf 81' lang='grc' dir='ltr'>ζῴων,</span> <span class='ocrx_word' id='word_1_220' title='bbox 1176 2447 1244 2520; x_wconf 81' lang='grc' dir='ltr'>οἷον,</span> <span class='ocrx_word' id='word_1_221' title='bbox 1261 2447 1353 2526; x_wconf 87' lang='grc' dir='ltr'>φησὶν,</span> 
     </span>
     <span class='ocr_line' id='line_1_20' title="bbox 233 2539 1356 2622; baseline -0.002 -22"><span class='ocrx_word' id='word_1_222' title='bbox 233 2545 259 2600; x_wconf 83' lang='grc' dir='ltr'>οί</span> <span class='ocrx_word' id='word_1_223' title='bbox 277 2542 406 2622; x_wconf 82' lang='grc' dir='ltr'>τέττιγες,</span> <span class='ocrx_word' id='word_1_224' title='bbox 428 2543 555 2622; x_wconf 87' lang='grc' dir='ltr'>άγρυπνεῑ</span> <span class='ocrx_word' id='word_1_225' title='bbox 577 2543 605 2600; x_wconf 87' lang='grc' dir='ltr'>έν</span> <span class='ocrx_word' id='word_1_226' title='bbox 628 2539 794 2622; x_wconf 80' lang='grc' dir='ltr'>μεσημόρίφ,</span> <span class='ocrx_word' id='word_1_227' title='bbox 815 2540 913 2620; x_wconf 82' lang='grc' dir='ltr'>πολλῷ</span> <span class='ocrx_word' id='word_1_228' title='bbox 934 2542 1020 2600; x_wconf 83' lang='grc' dir='ltr'>πλέον</span> <span class='ocrx_word' id='word_1_229' title='bbox 1041 2543 1071 2598; x_wconf 85' lang='grc' dir='ltr'>τὸ</span> <span class='ocrx_word' id='word_1_230' title='bbox 1092 2541 1199 2620; x_wconf 84' lang='grc' dir='ltr'>λογικὸν</span> <span class='ocrx_word' id='word_1_231' title='bbox 1220 2544 1287 2621; x_wconf 82' lang='grc' dir='ltr'>ζῷον</span> <span class='ocrx_word' id='word_1_232' title='bbox 1306 2543 1356 2600; x_wconf 86' lang='grc' dir='ltr'>οὐκ</span> 
     </span>
    </p>

    <p class='ocr_par' dir='ltr' id='par_1_9' title="bbox 171 2636 1357 3114">
     <span class='ocr_line' id='line_1_21' title="bbox 171 2636 1356 2724; baseline -0.003 -25"><span class='ocrx_word' id='word_1_233' title='bbox 171 2649 201 2699; x_wconf 78' lang='lat'>20</span> <span class='ocrx_word' id='word_1_234' title='bbox 233 2641 341 2724; x_wconf 86' lang='grc' dir='ltr'>όφείλει</span> <span class='ocrx_word' id='word_1_235' title='bbox 361 2643 533 2710; x_wconf 84' lang='grc' dir='ltr'>νυστάζειν</span> <span class='ocrx_word' id='word_1_236' title='bbox 552 2644 595 2698; x_wconf 79' lang='grc' dir='ltr'>καὶ</span> <span class='ocrx_word' id='word_1_237' title='bbox 615 2637 889 2721; x_wconf 81' lang='grc' dir='ltr'>μεσημόριάζειν.</span> <span class='ocrx_word' id='word_1_238' title='bbox 907 2676 945 2686; x_wconf 92' lang='grc'>-</span> <span class='ocrx_word' id='word_1_239' title='bbox 966 2636 1234 2721; x_wconf 78' lang='grc' dir='ltr'>Μεσημόριάζειν</span> <span class='ocrx_word' id='word_1_240' title='bbox 1255 2639 1283 2698; x_wconf 85' lang='grc' dir='ltr'>δέ</span> <span class='ocrx_word' id='word_1_241' title='bbox 1303 2641 1356 2698; x_wconf 83' lang='grc' dir='ltr'>έστι</span> 
     </span>
     <span class='ocr_line' id='line_1_22' title="bbox 231 2735 1354 2820; baseline 0 -24"><span class='ocrx_word' id='word_1_242' title='bbox 231 2740 262 2796; x_wconf 86' lang='grc' dir='ltr'>τὸ</span> <span class='ocrx_word' id='word_1_243' title='bbox 282 2739 308 2796; x_wconf 85' lang='grc' dir='ltr'>έν</span> <span class='ocrx_word' id='word_1_244' title='bbox 326 2745 361 2816; x_wconf 76' lang='grc' dir='ltr'>τῇ</span> <span class='ocrx_word' id='word_1_245' title='bbox 383 2735 544 2820; x_wconf 77' lang='grc' dir='ltr'>μεσημθρίᾳ</span> <span class='ocrx_word' id='word_1_246' title='bbox 563 2740 700 2807; x_wconf 82' lang='grc' dir='ltr'>νυστάζειν</span> <span class='ocrx_word' id='word_1_247' title='bbox 721 2741 766 2796; x_wconf 90' lang='grc' dir='ltr'>καί</span> <span class='ocrx_word' id='word_1_248' title='bbox 784 2737 932 2798; x_wconf 70' lang='grc' dir='ltr'>καθεύδειν,</span> <span class='ocrx_word' id='word_1_249' title='bbox 951 2774 990 2784; x_wconf 93' lang='grc'>-</span> <span class='ocrx_word' id='word_1_250' title='bbox 1008 2740 1043 2796; x_wconf 81' lang='grc' dir='ltr'>Τὸ</span> <span class='ocrx_word' id='word_1_251' title='bbox 1062 2738 1091 2796; x_wconf 81' lang='grc' dir='ltr'>δὲ</span> <span class='ocrx_word' id='word_1_252' title='bbox 1108 2737 1354 2813; x_wconf 86' lang='grc' dir='ltr'>κηλουμένους,</span> 
     </span>
     <span class='ocr_line' id='line_1_23' title="bbox 232 2835 1357 2917; baseline 0.001 -23"><span class='ocrx_word' id='word_1_253' title='bbox 232 2835 353 2894; x_wconf 83' lang='grc' dir='ltr'>τουτέστι</span> <span class='ocrx_word' id='word_1_254' title='bbox 369 2837 558 2917; x_wconf 64' lang='grc' dir='ltr'>θελγομένους</span> <span class='ocrx_word' id='word_1_255' title='bbox 577 2839 628 2895; x_wconf 84' lang='grc' dir='ltr'>ὑπὸ</span> <span class='ocrx_word' id='word_1_256' title='bbox 646 2843 701 2894; x_wconf 88' lang='grc' dir='ltr'>τῶν</span> <span class='ocrx_word' id='word_1_257' title='bbox 721 2836 826 2908; x_wconf 80' lang='grc' dir='ltr'>ἡδονῶν</span> <span class='ocrx_word' id='word_1_258' title='bbox 844 2844 897 2894; x_wconf 88' lang='grc' dir='ltr'>τῶν</span> <span class='ocrx_word' id='word_1_259' title='bbox 915 2844 1079 2911; x_wconf 87' lang='grc' dir='ltr'>σωματικῶν</span> <span class='ocrx_word' id='word_1_260' title='bbox 1092 2839 1137 2894; x_wconf 84' lang='grc' dir='ltr'>καί</span> <span class='ocrx_word' id='word_1_261' title='bbox 1150 2845 1200 2910; x_wconf 84' lang='grc' dir='ltr'>τῆς</span> <span class='ocrx_word' id='word_1_262' title='bbox 1220 2837 1357 2916; x_wconf 88' lang='grc' dir='ltr'>γλυκυθυ-</span> 
     </span>
     <span class='ocr_line' id='line_1_24' title="bbox 235 2933 1357 3017; baseline 0.001 -26"><span class='ocrx_word' id='word_1_263' title='bbox 235 2933 309 3011; x_wconf 89' lang='grc' dir='ltr'>μίας,</span> <span class='ocrx_word' id='word_1_264' title='bbox 334 2937 379 2992; x_wconf 87' lang='grc' dir='ltr'>καὶ</span> <span class='ocrx_word' id='word_1_265' title='bbox 401 2935 635 3017; x_wconf 80' lang='grc' dir='ltr'>καταφερομένους</span> <span class='ocrx_word' id='word_1_266' title='bbox 659 2937 695 3000; x_wconf 84' lang='grc' dir='ltr'>εἷς</span> <span class='ocrx_word' id='word_1_267' title='bbox 716 2938 830 3014; x_wconf 87' lang='grc' dir='ltr'>γένεσιν.</span> <span class='ocrx_word' id='word_1_268' title='bbox 852 2970 891 2980; x_wconf 96' lang='grc'>-</span> <span class='ocrx_word' id='word_1_269' title='bbox 911 2937 946 2992; x_wconf 85' lang='grc' dir='ltr'>Τὸ</span> <span class='ocrx_word' id='word_1_270' title='bbox 967 2933 995 2992; x_wconf 82' lang='grc' dir='ltr'>δέ</span> <span class='ocrx_word' id='word_1_271' title='bbox 1016 2934 1059 2994; x_wconf 84' lang='grc' dir='ltr'>δι’</span> <span class='ocrx_word' id='word_1_272' title='bbox 1080 2937 1194 3016; x_wconf 83' lang='grc' dir='ltr'>ἀργίαν</span> <span class='ocrx_word' id='word_1_273' title='bbox 1214 2944 1268 3006; x_wconf 80' lang='grc' dir='ltr'>τῆς</span> <span class='ocrx_word' id='word_1_274' title='bbox 1290 2933 1357 2992; x_wconf 85' lang='grc' dir='ltr'>δια-</span> 
     </span>
     <span class='ocr_line' id='line_1_25' title="bbox 234 3031 1357 3114; baseline -0.002 -22"><span class='ocrx_word' id='word_1_275' title='bbox 234 3035 344 3106; x_wconf 88' lang='grc' dir='ltr'>νοίας,</span> <span class='ocrx_word' id='word_1_276' title='bbox 372 3033 418 3090; x_wconf 77' lang='grc' dir='ltr'>’ίνα</span> <span class='ocrx_word' id='word_1_277' title='bbox 448 3033 548 3106; x_wconf 86' lang='grc' dir='ltr'>ταότην</span> <span class='ocrx_word' id='word_1_278' title='bbox 575 3037 626 3106; x_wconf 76' lang='grc' dir='ltr'>την</span> <span class='ocrx_word' id='word_1_279' title='bbox 653 3034 758 3106; x_wconf 89' lang='grc' dir='ltr'>κίνησιν</span> <span class='ocrx_word' id='word_1_280' title='bbox 787 3031 860 3112; x_wconf 76' lang='grc' dir='ltr'>λάθῃ</span> <span class='ocrx_word' id='word_1_281' title='bbox 889 3037 938 3106; x_wconf 79' lang='grc' dir='ltr'>τὴν</span> <span class='ocrx_word' id='word_1_282' title='bbox 967 3035 1019 3090; x_wconf 85' lang='grc' dir='ltr'>ὑπὸ</span> <span class='ocrx_word' id='word_1_283' title='bbox 1047 3043 1096 3106; x_wconf 82' lang='grc' dir='ltr'>τῆς</span> <span class='ocrx_word' id='word_1_284' title='bbox 1127 3034 1276 3114; x_wconf 81' lang='grc' dir='ltr'>ὑγρότητος</span> <span class='ocrx_word' id='word_1_285' title='bbox 1305 3041 1357 3104; x_wconf 81' lang='grc' dir='ltr'>τῆς</span> 
     </span>
    </p>

    <p class='ocr_par' dir='ltr' id='par_1_10' title="bbox 172 3128 1357 3310">
     <span class='ocr_line' id='line_1_26' title="bbox 172 3128 1357 3214; baseline -0.002 -26"><span class='ocrx_word' id='word_1_286' title='bbox 172 3139 201 3188; x_wconf 77' lang='lat'>25</span> <span class='ocrx_word' id='word_1_287' title='bbox 233 3129 364 3210; x_wconf 87' lang='grc' dir='ltr'>γενέσεως</span> <span class='ocrx_word' id='word_1_288' title='bbox 390 3131 547 3210; x_wconf 87' lang='grc' dir='ltr'>γινομένην,</span> <span class='ocrx_word' id='word_1_289' title='bbox 569 3134 614 3188; x_wconf 80' lang='grc' dir='ltr'>καὶ</span> <span class='ocrx_word' id='word_1_290' title='bbox 641 3132 704 3214; x_wconf 77' lang='grc' dir='ltr'>οὐχί</span> <span class='ocrx_word' id='word_1_291' title='bbox 730 3135 781 3202; x_wconf 82' lang='grc' dir='ltr'>τήν</span> <span class='ocrx_word' id='word_1_292' title='bbox 806 3133 836 3188; x_wconf 91' lang='grc' dir='ltr'>τδ</span> <span class='ocrx_word' id='word_1_293' title='bbox 864 3132 956 3210; x_wconf 89' lang='grc' dir='ltr'>νοερδν</span> <span class='ocrx_word' id='word_1_294' title='bbox 982 3134 1064 3206; x_wconf 76' lang='grc' dir='ltr'>ἡμῶν</span> <span class='ocrx_word' id='word_1_295' title='bbox 1090 3133 1135 3188; x_wconf 82' lang='grc' dir='ltr'>καί</span> <span class='ocrx_word' id='word_1_296' title='bbox 1160 3133 1211 3202; x_wconf 83' lang='grc' dir='ltr'>τήν</span> <span class='ocrx_word' id='word_1_297' title='bbox 1236 3128 1357 3188; x_wconf 88' lang='grc' dir='ltr'>διάνοιαν</span> 
     </span>
     <span class='ocr_line' id='line_1_27' title="bbox 234 3229 426 3310; baseline 0.005 -23"><span class='ocrx_word' id='word_1_298' title='bbox 234 3229 426 3310; x_wconf 86' lang='grc' dir='ltr'>διεγιίρουααν.</span> 
     </span>
    </p>
   </div>
   <div class='ocr_carea' id='block_1_7' title="bbox 275 3385 819 3470">
    <p class='ocr_par' dir='ltr' id='par_1_11' title="bbox 275 3385 819 3470">
     <span class='ocr_line' id='line_1_28' title="bbox 275 3385 819 3470; baseline 0.007 -24"><span class='ocrx_word' id='word_1_299' title='bbox 275 3389 336 3469; x_wconf 77' lang='grc' dir='ltr'>ριδ.</span> <span class='ocrx_word' id='word_1_300' title='bbox 361 3387 481 3469; x_wconf 73' lang='grc' dir='ltr'>Ὥσπερ</span> <span class='ocrx_word' id='word_1_301' title='bbox 502 3385 678 3470; x_wconf 81' lang='grc' dir='ltr'>προθάτια]</span> <span class='ocrx_word' id='word_1_302' title='bbox 701 3393 760 3448; x_wconf 76' lang='grc'>259</span> <span class='ocrx_word' id='word_1_303' title='bbox 782 3391 819 3450; x_wconf 88' lang='grc' dir='ltr'>Λ.</span> 
     </span>
    </p>
   </div>
   <div class='ocr_carea' id='block_1_8' title="bbox 176 3535 1359 3817">
    <p class='ocr_par' dir='ltr' id='par_1_12' title="bbox 176 3535 1359 3817">
     <span class='ocr_line' id='line_1_29' title="bbox 274 3535 1357 3620; baseline 0.002 -26"><span class='ocrx_word' id='word_1_304' title='bbox 274 3539 413 3595; x_wconf 84' lang='grc' dir='ltr'>Τουτέστιν</span> <span class='ocrx_word' id='word_1_305' title='bbox 433 3537 614 3616; x_wconf 85' lang='grc' dir='ltr'>άλογηθέντας</span> <span class='ocrx_word' id='word_1_306' title='bbox 629 3541 673 3596; x_wconf 79' lang='grc' dir='ltr'>καί</span> <span class='ocrx_word' id='word_1_307' title='bbox 689 3538 715 3595; x_wconf 89' lang='grc' dir='ltr'>έν</span> <span class='ocrx_word' id='word_1_308' title='bbox 732 3537 778 3616; x_wconf 68' lang='grc' dir='ltr'>ἴση</span> <span class='ocrx_word' id='word_1_309' title='bbox 793 3535 865 3606; x_wconf 75' lang='grc' dir='ltr'>τάξει</span> <span class='ocrx_word' id='word_1_310' title='bbox 881 3545 934 3596; x_wconf 89' lang='grc' dir='ltr'>τῶν</span> <span class='ocrx_word' id='word_1_311' title='bbox 951 3539 1060 3618; x_wconf 82' lang='grc' dir='ltr'>άλόγων</span> <span class='ocrx_word' id='word_1_312' title='bbox 1076 3542 1093 3613; x_wconf 73' lang='grc' dir='ltr'>ἦ</span> <span class='ocrx_word' id='word_1_313' title='bbox 1111 3544 1168 3597; x_wconf 92' lang='grc' dir='ltr'>τῶν</span> <span class='ocrx_word' id='word_1_314' title='bbox 1182 3537 1357 3620; x_wconf 81' lang='grc' dir='ltr'>ἀνδραπόδων</span> 
     </span>
     <span class='ocr_line' id='line_1_30' title="bbox 238 3634 1359 3717; baseline 0.003 -25"><span class='ocrx_word' id='word_1_315' title='bbox 238 3635 329 3710; x_wconf 77' lang='grc' dir='ltr'>ὄντας,</span> <span class='ocrx_word' id='word_1_316' title='bbox 345 3639 389 3694; x_wconf 86' lang='grc' dir='ltr'>καὶ</span> <span class='ocrx_word' id='word_1_317' title='bbox 405 3634 579 3711; x_wconf 78' lang='grc' dir='ltr'>μηδένάξιον</span> <span class='ocrx_word' id='word_1_318' title='bbox 593 3636 776 3712; x_wconf 69' lang='grc' dir='ltr'>ἐπιστήμονος</span> <span class='ocrx_word' id='word_1_319' title='bbox 792 3638 958 3717; x_wconf 84' lang='grc' dir='ltr'>πράττοντας</span> <span class='ocrx_word' id='word_1_320' title='bbox 973 3642 1129 3714; x_wconf 80' lang='grc' dir='ltr'>κοιμᾶσθαι.</span> <span class='ocrx_word' id='word_1_321' title='bbox 1147 3641 1195 3696; x_wconf 88' lang='grc' dir='ltr'>Διά</span> <span class='ocrx_word' id='word_1_322' title='bbox 1213 3639 1310 3697; x_wconf 72' lang='grc' dir='ltr'>τούτου</span> <span class='ocrx_word' id='word_1_323' title='bbox 1330 3637 1359 3695; x_wconf 81' lang='grc' dir='ltr'>δέ</span> 
     </span>
     <span class='ocr_line' id='line_1_31' title="bbox 176 3735 1358 3817; baseline 0.001 -25"><span class='ocrx_word' id='word_1_324' title='bbox 176 3751 206 3803; x_wconf 76' lang='lat'>30</span> <span class='ocrx_word' id='word_1_325' title='bbox 236 3735 380 3816; x_wconf 86' lang='grc' dir='ltr'>προτρέπει</span> <span class='ocrx_word' id='word_1_326' title='bbox 393 3738 466 3811; x_wconf 75' lang='grc' dir='ltr'>ἡμᾶς</span> <span class='ocrx_word' id='word_1_327' title='bbox 478 3737 647 3815; x_wconf 88' lang='grc' dir='ltr'>προστιθέναι</span> <span class='ocrx_word' id='word_1_328' title='bbox 663 3738 707 3792; x_wconf 84' lang='grc' dir='ltr'>καὶ</span> <span class='ocrx_word' id='word_1_329' title='bbox 725 3738 773 3800; x_wconf 86' lang='grc' dir='ltr'>τάς</span> <span class='ocrx_word' id='word_1_330' title='bbox 789 3737 885 3802; x_wconf 73' lang='grc' dir='ltr'>νύκτας</span> <span class='ocrx_word' id='word_1_331' title='bbox 902 3737 941 3802; x_wconf 82' lang='grc' dir='ltr'>εἷς</span> <span class='ocrx_word' id='word_1_332' title='bbox 957 3739 987 3795; x_wconf 87' lang='grc' dir='ltr'>τὸ</span> <span class='ocrx_word' id='word_1_333' title='bbox 1002 3739 1158 3817; x_wconf 85' lang='grc' dir='ltr'>άγροπνεῑν,</span> <span class='ocrx_word' id='word_1_334' title='bbox 1176 3740 1299 3816; x_wconf 75' lang='grc' dir='ltr'>μήτοιγε</span> <span class='ocrx_word' id='word_1_335' title='bbox 1317 3735 1358 3794; x_wconf 82' lang='grc' dir='ltr'>δεῖ</span> 
     </span>
    </p>
   </div>
   <div class='ocr_carea' id='block_1_9' title="bbox 267 3993 1359 4060">
    <p class='ocr_par' dir='ltr' id='par_1_13' title="bbox 267 3993 1359 4060">
     <span class='ocr_line' id='line_1_32' title="bbox 267 3993 1359 4060; baseline -0.006 -12"><span class='ocrx_word' id='word_1_336' title='bbox 267 3997 283 4047; x_wconf 84' lang='lat'><strong>2</strong></span> <span class='ocrx_word' id='word_1_337' title='bbox 299 3999 402 4060; x_wconf 77' lang='grc' dir='ltr'>εἴπομεν</span> <span class='ocrx_word' id='word_1_338' title='bbox 420 3993 475 4052; x_wconf 82' lang='lat'>211,</span> <span class='ocrx_word' id='word_1_339' title='bbox 492 3993 536 4056; x_wconf 72' lang='lat'>253</span> <span class='ocrx_word' id='word_1_340' title='bbox 556 3993 611 4056; x_wconf 80' lang='lat'>212,</span> <span class='ocrx_word' id='word_1_341' title='bbox 630 3993 646 4044; x_wconf 88' lang='grc'>9</span> <span class='ocrx_word' id='word_1_342' title='bbox 709 3995 740 4044; x_wconf 79' lang='grc'>20</span> <span class='ocrx_word' id='word_1_343' title='bbox 756 3995 791 4044; x_wconf 79' lang='lat' dir='ltr'>ot.</span> <span class='ocrx_word' id='word_1_344' title='bbox 807 3993 893 4045; x_wconf 76' lang='lat' dir='ltr'><strong>schol.</strong></span> <span class='ocrx_word' id='word_1_345' title='bbox 913 3994 960 4044; x_wconf 77' lang='lat'>259</span> <span class='ocrx_word' id='word_1_346' title='bbox 978 3997 1003 4044; x_wconf 82' lang='grc' dir='ltr'><strong>Α</strong></span> <span class='ocrx_word' id='word_1_347' title='bbox 1023 3999 1058 4059; x_wconf 72' lang='lat' dir='ltr'>[p.</span> <span class='ocrx_word' id='word_1_348' title='bbox 1075 3993 1123 4045; x_wconf 79' lang='lat'>272</span> <span class='ocrx_word' id='word_1_349' title='bbox 1139 3995 1245 4060; x_wconf 82' lang='lat' dir='ltr'>Herm.)</span> <span class='ocrx_word' id='word_1_350' title='bbox 1260 4013 1359 4060; x_wconf 72' lang='grc' dir='ltr'>μεσημ-</span> 
     </span>
    </p>
   </div>
   <div class='ocr_carea' id='block_1_10' title="bbox 237 4061 1359 4204">
    <p class='ocr_par' dir='ltr' id='par_1_14' title="bbox 237 4061 1359 4204">
     <span class='ocr_line' id='line_1_33' title="bbox 237 4061 1358 4136; baseline -0.003 -16"><span class='ocrx_word' id='word_1_351' title='bbox 237 4068 376 4136; x_wconf 82' lang='grc' dir='ltr'>6ριάζοντα·</span> <span class='ocrx_word' id='word_1_352' title='bbox 403 4069 429 4117; x_wconf 80' lang='grc' dir='ltr'>έν</span> <span class='ocrx_word' id='word_1_353' title='bbox 454 4068 595 4136; x_wconf 75' lang='grc' dir='ltr'>μεσημθρέφ</span> <span class='ocrx_word' id='word_1_354' title='bbox 620 4065 770 4124; x_wconf 79' lang='grc' dir='ltr'>νυστάζοντα</span> <span class='ocrx_word' id='word_1_355' title='bbox 798 4068 840 4116; x_wconf 80' lang='grc' dir='ltr'>καί</span> <span class='ocrx_word' id='word_1_356' title='bbox 863 4062 1015 4117; x_wconf 79' lang='grc' dir='ltr'>καθεύδοντα</span> <span class='ocrx_word' id='word_1_357' title='bbox 1040 4061 1184 4130; x_wconf 83' lang='grc' dir='ltr'>κηλοίμενα</span> <span class='ocrx_word' id='word_1_358' title='bbox 1247 4064 1277 4116; x_wconf 83' lang='grc'>21</span> <span class='ocrx_word' id='word_1_359' title='bbox 1302 4066 1358 4117; x_wconf 87' lang='lat' dir='ltr'><strong>vid.</strong></span> 
     </span>
     <span class='ocr_line' id='line_1_34' title="bbox 238 4133 1359 4204; baseline -0.003 -14"><span class='ocrx_word' id='word_1_360' title='bbox 238 4139 348 4190; x_wconf 74' lang='lat' dir='ltr'>Omn’.</span> <span class='ocrx_word' id='word_1_361' title='bbox 365 4137 396 4186; x_wconf 86' lang='grc' dir='ltr'>εἰι</span> <span class='ocrx_word' id='word_1_362' title='bbox 413 4135 548 4186; x_wconf 77' lang='grc' dir='ltr'>Ρλωιίοη.</span> <span class='ocrx_word' id='word_1_363' title='bbox 568 4151 593 4200; x_wconf 82' lang='lat' dir='ltr'>p.</span> <span class='ocrx_word' id='word_1_364' title='bbox 608 4135 633 4194; x_wconf 85' lang='lat'>9,</span> <span class='ocrx_word' id='word_1_365' title='bbox 649 4135 678 4185; x_wconf 77' lang='lat'>12</span> <span class='ocrx_word' id='word_1_366' title='bbox 698 4134 803 4187; x_wconf 83' lang='lat' dir='ltr'><strong>Finckh</strong></span> <span class='ocrx_word' id='word_1_367' title='bbox 822 4139 865 4188; x_wconf 84' lang='grc' dir='ltr'>καί</span> <span class='ocrx_word' id='word_1_368' title='bbox 880 4137 949 4204; x_wconf 79' lang='grc' dir='ltr'>παρά</span> <span class='ocrx_word' id='word_1_369' title='bbox 964 4137 1146 4204; x_wconf 84' lang='grc' dir='ltr'>Πυθαγορείοις</span> <span class='ocrx_word' id='word_1_370' title='bbox 1162 4139 1254 4200; x_wconf 83' lang='grc' dir='ltr'>μηδένα</span> <span class='ocrx_word' id='word_1_371' title='bbox 1268 4133 1359 4187; x_wconf 77' lang='grc' dir='ltr'>καθεύ-</span> 
     </span>
    </p>
   </div>
   <div class='ocr_carea' id='block_1_11' title="bbox 239 4211 572 4278">
    <p class='ocr_par' dir='ltr' id='par_1_15' title="bbox 239 4211 572 4278">
     <span class='ocr_line' id='line_1_35' title="bbox 239 4211 572 4278; baseline -0.012 -16"><span class='ocrx_word' id='word_1_372' title='bbox 239 4214 289 4262; x_wconf 81' lang='grc' dir='ltr'>δειν</span> <span class='ocrx_word' id='word_1_373' title='bbox 304 4213 329 4262; x_wconf 86' lang='grc' dir='ltr'>έν</span> <span class='ocrx_word' id='word_1_374' title='bbox 346 4211 488 4278; x_wconf 67' lang='grc' dir='ltr'>μεσημόρέφ</span> <span class='ocrx_word' id='word_1_375' title='bbox 569 4261 572 4270; x_wconf 62' lang='grc'>,</span> 
     </span>
    </p>
   </div>
   <div class='ocr_carea' id='block_1_12' title="bbox 238 4343 1362 4846">
    <p class='ocr_par' dir='ltr' id='par_1_16' title="bbox 269 4343 1360 4412">
     <span class='ocr_line' id='line_1_36' title="bbox 269 4343 1360 4412; baseline -0.004 -16"><span class='ocrx_word' id='word_1_376' title='bbox 269 4345 316 4396; x_wconf 89' lang='lat' dir='ltr'>NC</span> <span class='ocrx_word' id='word_1_377' title='bbox 338 4345 352 4396; x_wconf 80' lang='grc'><strong>3</strong></span> <span class='ocrx_word' id='word_1_378' title='bbox 371 4349 413 4398; x_wconf 77' lang='grc' dir='ltr'>καὶ</span> <span class='ocrx_word' id='word_1_379' title='bbox 432 4347 512 4412; x_wconf 74' lang='grc' dir='ltr'>λέγειν</span> <span class='ocrx_word' id='word_1_380' title='bbox 526 4357 580 4396; x_wconf 90' lang='lat' dir='ltr'>om.</span> <span class='ocrx_word' id='word_1_381' title='bbox 597 4345 625 4394; x_wconf 88' lang='lat' dir='ltr'>M</span> <span class='ocrx_word' id='word_1_382' title='bbox 690 4347 706 4396; x_wconf 80' lang='grc'><strong>4</strong></span> <span class='ocrx_word' id='word_1_383' title='bbox 728 4343 796 4412; x_wconf 77' lang='grc' dir='ltr'>μὴκα</span> <span class='ocrx_word' id='word_1_384' title='bbox 814 4349 864 4404; x_wconf 80' lang='grc' dir='ltr'>λώς</span> <span class='ocrx_word' id='word_1_385' title='bbox 880 4358 896 4394; x_wconf 84' lang='lat' dir='ltr'>a</span> <span class='ocrx_word' id='word_1_386' title='bbox 914 4345 943 4395; x_wconf 86' lang='lat' dir='ltr'>in</span> <span class='ocrx_word' id='word_1_387' title='bbox 958 4345 1013 4396; x_wconf 80' lang='lat' dir='ltr'>fine</span> <span class='ocrx_word' id='word_1_388' title='bbox 1035 4357 1144 4408; x_wconf 78' lang='lat' dir='ltr'>versus3</span> <span class='ocrx_word' id='word_1_389' title='bbox 1163 4343 1263 4395; x_wconf 78' lang='lat' dir='ltr'>deinde</span> <span class='ocrx_word' id='word_1_390' title='bbox 1282 4343 1360 4394; x_wconf 75' lang='lat' dir='ltr'>initio</span> 
     </span>
    </p>

    <p class='ocr_par' dir='ltr' id='par_1_17' title="bbox 238 4415 1362 4846">
     <span class='ocr_line' id='line_1_37' title="bbox 239 4415 1360 4482; baseline -0.001 -16"><span class='ocrx_word' id='word_1_391' title='bbox 239 4429 335 4469; x_wconf 84' lang='grc' dir='ltr'>νοτεοε</span> <span class='ocrx_word' id='word_1_392' title='bbox 349 4416 466 4482; x_wconf 83' lang='lat' dir='ltr'><strong>proximi</strong></span> <span class='ocrx_word' id='word_1_393' title='bbox 480 4417 616 4482; x_wconf 76' lang='lat' dir='ltr'><strong>syllabam</strong></span> <span class='ocrx_word' id='word_1_394' title='bbox 630 4435 663 4468; x_wconf 81' lang='grc' dir='ltr'>κα</span> <span class='ocrx_word' id='word_1_395' title='bbox 682 4423 746 4468; x_wconf 74' lang='lat' dir='ltr'><strong>ante</strong></span> <span class='ocrx_word' id='word_1_396' title='bbox 763 4417 865 4467; x_wconf 70' lang='lat' dir='ltr'>litteras</span> <span class='ocrx_word' id='word_1_397' title='bbox 882 4415 1050 4482; x_wconf 80' lang='grc' dir='ltr'>θολικωτάτην</span> <span class='ocrx_word' id='word_1_398' title='bbox 1065 4417 1137 4480; x_wconf 81' lang='lat' dir='ltr'>(quae</span> <span class='ocrx_word' id='word_1_399' title='bbox 1157 4416 1191 4465; x_wconf 81' lang='lat' dir='ltr'>ab</span> <span class='ocrx_word' id='word_1_400' title='bbox 1211 4419 1234 4464; x_wconf 85' lang='lat' dir='ltr'>A</span> <span class='ocrx_word' id='word_1_401' title='bbox 1253 4415 1360 4478; x_wconf 73' lang='lat' dir='ltr'><strong>scriptae</strong></span> 
     </span>
     <span class='ocr_line' id='line_1_38' title="bbox 238 4485 1362 4553; baseline 0.001 -16"><span class='ocrx_word' id='word_1_402' title='bbox 238 4493 311 4550; x_wconf 76' lang='lat' dir='ltr'><strong>sunt)</strong></span> <span class='ocrx_word' id='word_1_403' title='bbox 326 4488 471 4552; x_wconf 76' lang='lat' dir='ltr'>proemisit3</span> <span class='ocrx_word' id='word_1_404' title='bbox 488 4488 597 4538; x_wconf 87' lang='lat' dir='ltr'><strong>nullum</strong></span> <span class='ocrx_word' id='word_1_405' title='bbox 609 4488 694 4553; x_wconf 77' lang='lat' dir='ltr'><strong>igitur</strong></span> <span class='ocrx_word' id='word_1_406' title='bbox 707 4487 823 4538; x_wconf 88' lang='lat' dir='ltr'>dubium</span> <span class='ocrx_word' id='word_1_407' title='bbox 836 4487 906 4552; x_wconf 88' lang='lat' dir='ltr'><strong>quin</strong></span> <span class='ocrx_word' id='word_1_408' title='bbox 923 4488 951 4536; x_wconf 88' lang='lat' dir='ltr'>in</span> <span class='ocrx_word' id='word_1_409' title='bbox 969 4490 993 4536; x_wconf 82' lang='grc' dir='ltr'>Α</span> <span class='ocrx_word' id='word_1_410' title='bbox 1007 4487 1140 4550; x_wconf 80' lang='lat' dir='ltr'><strong>scriptum</strong></span> <span class='ocrx_word' id='word_1_411' title='bbox 1155 4487 1238 4538; x_wconf 76' lang='lat' dir='ltr'>ruerit</span> <span class='ocrx_word' id='word_1_412' title='bbox 1251 4485 1293 4550; x_wconf 82' lang='grc' dir='ltr'>μὴ·</span> <span class='ocrx_word' id='word_1_413' title='bbox 1306 4492 1362 4544; x_wconf 78' lang='grc' dir='ltr'>και-</span> 
     </span>
     <span class='ocr_line' id='line_1_39' title="bbox 238 4557 1360 4624; baseline -0.004 -12"><span class='ocrx_word' id='word_1_414' title='bbox 238 4558 404 4623; x_wconf 84' lang='grc' dir='ltr'>θολικωτότην</span> <span class='ocrx_word' id='word_1_415' title='bbox 468 4557 554 4624; x_wconf 74' lang='grc' dir='ltr'>θοόν]</span> <span class='ocrx_word' id='word_1_416' title='bbox 569 4559 611 4623; x_wconf 83' lang='grc' dir='ltr'>μέν</span> <span class='ocrx_word' id='word_1_417' title='bbox 628 4559 655 4608; x_wconf 89' lang='grc' dir='ltr'>Μ</span> <span class='ocrx_word' id='word_1_418' title='bbox 720 4562 762 4610; x_wconf 84' lang='grc' dir='ltr'>καί</span> <span class='ocrx_word' id='word_1_419' title='bbox 777 4559 821 4623; x_wconf 87' lang='grc' dir='ltr'>μὴ]</span> <span class='ocrx_word' id='word_1_420' title='bbox 836 4559 851 4623; x_wconf 78' lang='grc' dir='ltr'>ἢ</span> <span class='ocrx_word' id='word_1_421' title='bbox 866 4557 899 4624; x_wconf 82' lang='grc' dir='ltr'>μὴ</span> <span class='ocrx_word' id='word_1_422' title='bbox 915 4559 943 4608; x_wconf 90' lang='grc' dir='ltr'><strong><em>Μ</em></strong></span> <span class='ocrx_word' id='word_1_423' title='bbox 1007 4557 1126 4623; x_wconf 87' lang='grc' dir='ltr'>κανόνας]</span> <span class='ocrx_word' id='word_1_424' title='bbox 1135 4561 1300 4624; x_wconf 80' lang='grc' dir='ltr'>κοινωτέρονς</span> <span class='ocrx_word' id='word_1_425' title='bbox 1315 4559 1360 4608; x_wconf 86' lang='lat' dir='ltr'>vel</span> 
     </span>
     <span class='ocr_line' id='line_1_40' title="bbox 238 4628 1360 4697; baseline 0 -17"><span class='ocrx_word' id='word_1_426' title='bbox 238 4631 327 4695; x_wconf 70' lang='lat' dir='ltr'>potius</span> <span class='ocrx_word' id='word_1_427' title='bbox 344 4629 494 4697; x_wconf 85' lang='grc' dir='ltr'>κοινῶτερον</span> <span class='ocrx_word' id='word_1_428' title='bbox 509 4633 546 4680; x_wconf 79' lang='lat' dir='ltr'>A·</span> <span class='ocrx_word' id='word_1_429' title='bbox 608 4629 639 4682; x_wconf 83' lang='grc'>16</span> <span class='ocrx_word' id='word_1_430' title='bbox 655 4635 763 4696; x_wconf 79' lang='grc' dir='ltr'>κεφαλῆς</span> <span class='ocrx_word' id='word_1_431' title='bbox 779 4629 806 4678; x_wconf 93' lang='grc' dir='ltr'>Μ</span> <span class='ocrx_word' id='word_1_432' title='bbox 824 4629 913 4680; x_wconf 53' lang='lat' dir='ltr'>Plau</span> <span class='ocrx_word' id='word_1_433' title='bbox 929 4628 1038 4696; x_wconf 84' lang='grc' dir='ltr'>κεφαλὴν</span> <span class='ocrx_word' id='word_1_434' title='bbox 1055 4633 1081 4679; x_wconf 80' lang='grc' dir='ltr'><strong>Α</strong></span> <span class='ocrx_word' id='word_1_435' title='bbox 1145 4629 1172 4678; x_wconf 82' lang='grc'>17</span> <span class='ocrx_word' id='word_1_436' title='bbox 1189 4631 1360 4694; x_wconf 82' lang='grc' dir='ltr'>κηλουμένους</span> 
     </span>
     <span class='ocr_line' id='line_1_41' title="bbox 240 4701 1360 4768; baseline -0.004 -14"><span class='ocrx_word' id='word_1_437' title='bbox 240 4703 309 4754; x_wconf 69' lang='lat' dir='ltr'>Plu.</span> <span class='ocrx_word' id='word_1_438' title='bbox 374 4702 561 4753; x_wconf 71' lang='lat' dir='ltr'><strong>19010m.M</strong></span> <span class='ocrx_word' id='word_1_439' title='bbox 627 4702 657 4751; x_wconf 74' lang='lat'>27</span> <span class='ocrx_word' id='word_1_440' title='bbox 674 4701 769 4768; x_wconf 84' lang='grc' dir='ltr'>ῶσπερ,</span> <span class='ocrx_word' id='word_1_441' title='bbox 785 4706 819 4759; x_wconf 82' lang='grc' dir='ltr'>ὡς</span> <span class='ocrx_word' id='word_1_442' title='bbox 834 4701 908 4752; x_wconf 80' lang='lat' dir='ltr'>rubr.</span> <span class='ocrx_word' id='word_1_443' title='bbox 928 4705 952 4751; x_wconf 82' lang='grc' dir='ltr'><strong>Α</strong></span> <span class='ocrx_word' id='word_1_444' title='bbox 1015 4701 1046 4750; x_wconf 71' lang='lat'>28</span> <span class='ocrx_word' id='word_1_445' title='bbox 1064 4703 1271 4768; x_wconf 85' lang='grc' dir='ltr'>άλογωθένταςΑ</span> <span class='ocrx_word' id='word_1_446' title='bbox 1335 4705 1360 4752; x_wconf 86' lang='grc' dir='ltr'>έν</span> 
     </span>
     <span class='ocr_line' id='line_1_42' title="bbox 239 4759 940 4846; baseline 0 -24"><span class='ocrx_word' id='word_1_447' title='bbox 239 4786 293 4822; x_wconf 85' lang='lat' dir='ltr'>om.</span> <span class='ocrx_word' id='word_1_448' title='bbox 310 4773 338 4822; x_wconf 92' lang='grc' dir='ltr'><strong><em>Μ</em></strong></span> <span class='ocrx_word' id='word_1_449' title='bbox 402 4771 515 4846; x_wconf 72' lang='grc' dir='ltr'>τῄτάζει</span> <span class='ocrx_word' id='word_1_450' title='bbox 531 4773 559 4822; x_wconf 89' lang='grc' dir='ltr'><strong><em>Μ</em></strong></span> <span class='ocrx_word' id='word_1_451' title='bbox 935 4759 940 4774; x_wconf 74' lang='grc'><em>’</em></span> 
     </span>
    </p>
   </div>
   <div class='ocr_carea' id='block_1_13' title="bbox 0 0 1823 5690">
    <p class='ocr_par' dir='ltr' id='par_1_18' title="bbox 0 0 1823 5690">
     <span class='ocr_line' id='line_1_43' title="bbox 0 0 1823 5690; baseline 0 0"><span class='ocrx_word' id='word_1_452' title='bbox 0 0 1823 5690; x_wconf 95' lang='lat' dir='ltr'> </span> 
     </span>
    </p>
   </div>
  </div>
 </body>
</html>
