3538 5686
447 957 682 1032 ΕΡΜΕΙΟΥ
709 959 1018 1036 ΦΙΛΟΣΟΦΟΥ

355 1140 419 1190 του
439 1141 495 1192 1312
515 1143 577 1194 του
598 1143 774 1195 nmmos
795 1145 938 1196 οωωου
960 1145 1105 1198 momen

619 1307 683 1358 ἸὮΝ
704 1307 760 1358 ΕΙΣ
777 1309 851 1360 ΤΡΙΔ

638 1469 678 1520 ΤΟ
699 1467 827 1520 ΠΡΩΤΟΝ

579 1739 885 1806 <οοοοιυιου>

90 1855 163 1982 ᾞΙῶ
216 1893 245 1951 ‘0
260 1895 408 1974 Σωκράτης
426 1894 469 1951 ἐπὶ
489 1895 628 1974 εὖεργεσίφ
640 1900 688 1952 τοῦ
707 1899 762 1952 τῖον
781 1893 931 1973 ἀνθρώπων
944 1895 1039 1973 γένους
1057 1894 1103 1952 καί
1122 1901 1177 1952 τῶν
1193 1899 1288 1976 ψυχῶν

178 1999 231 2050 τῶν
246 1993 312 2050 νέων
331 1994 507 2074 κατεπέμφθη
529 1992 568 2058 είς
586 1993 700 2073 γένεσιν·
722 1991 849 2074 διαφορᾶς
864 1991 893 2050 δὲ
911 1991 994 2065 οὔσης
1008 1994 1117 2066 πολλῆς
1130 1993 1200 2050 κἀτό
1213 2017 1242 2054 τε
1256 1995 1289 2050 τὰ

178 2091 231 2164 ἤδη
246 2093 290 2149 καί
305 2093 339 2149 τὰ
353 2090 555 2168 ἐπιτηδεύματα
569 2098 623 2150 τῶν
638 2096 745 2172 ψυχῶν,
762 2091 897 2172 διαφόρως
911 2089 1023 2149 έκαστον
1038 2091 1184 2172 εὐεργετεῖ,
1196 2091 1289 2160 ἄλλως

178 2191 239 2256 τοὺς
254 2193 339 2264 νέους,
361 2189 454 2254 ἄλλως
470 2190 532 2255 τοὺς
546 2191 685 2269 σοφιστὰς,
701 2197 767 2247 πᾶσι
782 2196 877 2270 χεῖρας
891 2190 993 2268 ὀρέγων
1007 2191 1053 2246 καί
1069 2189 1112 2246 έπί
1127 2189 1288 2272 φιλοσοφίαν

137 2303 151 2352 5
179 2289 408 2370 προτρεπόμενος.
426 2289 475 2346 ΙΙαί
492 2295 538 2346 νῦν
553 2287 601 2346 οόν
620 2290 667 2346 τόν
681 2287 801 2369 Φαῖδρον
817 2288 860 2344 ἐπὶ
878 2288 1009 2367 ῥητορικῇ
1025 2288 1194 2363 έπτοημένον
1209 2290 1288 2348 έπαν-

179 2387 238 2466 ιίγει
258 2387 300 2444 ἐπὶ
320 2389 371 2458 τὴν
386 2387 475 2460 ἀληθῆ
494 2388 655 2466 ῥητορικὴν,
671 2388 792 2444 τουτέστι
811 2386 982 2467 φιλοσοφίαν.
999 2393 1111 2467 Πρῶτον
1131 2385 1160 2444 δὲ
1177 2389 1209 2444 τό
1229 2386 1287 2446 ὑλι-

178 2487 224 2542 κόν
243 2491 291 2543 τοῦ
306 2484 436 2564 διαλόγου
454 2486 500 2542 καί
519 2487 550 2542 τὸ
569 2485 721 2566 πρόσχημα
739 2493 789 2557 τῆς
804 2486 954 2548 ὑποδέσεως
972 2483 1123 2560 έκθώμεθα·
1139 2492 1221 2566 χεῖρα
1236 2487 1288 2566 γὰρ

179 2587 246 2659 ἡμῖν
267 2585 353 2649 οἱίτως
373 2577 460 2663 όρέξει
479 2584 547 2663 πρὸς
569 2583 620 2653 τὴν
644 2579 891 2664 Βεωρητικωτέραν
910 2577 1043 2653 έπιόολήν
1068 2583 1113 2641 καί
1134 2585 1181 2641 τόν
1202 2581 1288 2648 όντως

180 2684 289 2744 σκοπόν.

125 2793 151 2842 10
217 2781 315 2845 Λυσίας
338 2783 352 2837 ό
374 2781 467 2860 ῥήτωρ
488 2779 558 2860 ἐρῶν
579 2784 626 2836 τοῦ
650 2778 770 2859 Φαίδρου
792 2779 926 2860 αίσγρῶς,
949 2779 1180 2858 προσποιούμενος
1200 2777 1228 2836 δέ
1248 2781 1287 2856 μή

178 2878 249 2959 ἐρᾶν,
271 2880 316 2936 καί
334 2878 504 2957 βουλόμενος
524 2877 606 2934 αὐτόν
625 2877 776 2949 ἀποστῆσαι
793 2883 849 2934 τῶν
868 2874 963 2934 όίλλων
982 2875 1111 2956 ἐραστῶν,
1126 2877 1287 2957 κακούργως

177 2979 219 3034 καί
233 2980 422 3056 παμπονήρως
436 2977 534 3057 γράφει
549 2975 645 3055 λόγον,
662 2977 700 3040 ὡς
716 2973 777 3033 δέον
791 2981 830 3050 τῷ
853 2977 896 3051 μή
918 2975 1039 3054 ἐρῶντι
1061 2974 1192 3053 μᾶλλον
1211 2977 1229 3048 ἢ
1249 2983 1288 3051 τῷ

177 3073 293 3154 ἐρῶντι
312 3077 482 3156 χαρίζεσθαι,
502 3073 572 3132 διότι
592 3075 607 3132 δ
631 3075 688 3152 μέν
711 3073 879 3150 μαίνεται,
902 3075 917 3130 ό
939 3072 973 3130 δέ
993 3082 1207 3154 σωφρονεῖ...,
1229 3075 1287 3148 καί,

177 3174 314 3232 συνελόντι
337 3174 436 3248 εἰπεῖν,
459 3173 486 3231 έν
509 3174 558 3249 μὲν
579 3179 618 3248 τῷ
641 3173 703 3253 έρᾶν
724 3169 860 3252 βλαόερόν
881 3171 962 3230 αὐτόν
982 3170 1103 3230 ’όντακαὶ
1129 3178 1289 3231 νοσοῦντα

127 3281 152 3332 15
182 3269 309 3346 μᾶλλον
326 3273 371 3330 καί
387 3273 499 3353 φευκτὸν
514 3270 558 3328 διό
571 3277 651 3329 τοῦτο
664 3277 723 3335 τοῖς
740 3269 886 3351 ἐρωμένοις
902 3269 1062 3345 ἐπιδεικνὺς,
1080 3271 1107 3328 ἐν
1122 3270 1151 3328 δὲ
1165 3278 1203 3346 τῷ
1219 3271 1289 3346 μετὰ

177 3371 206 3426 τό
229 3371 291 3451 ίρᾶν
315 3369 428 3429 ἄπιστόν
448 3392 508 3428 τινα
530 3371 575 3426 καί
599 3365 737 3427 ἀόέόαιον·
760 3367 819 3427 δέον
841 3369 889 3426 οὗν
909 3377 949 3445 τῷ
970 3369 1056 3442 Λυσίᾳ
1076 3371 1113 3434 ὡς
1133 3372 1172 3446 μὴ
1193 3369 1289 3450 ἐρῶντι

177 3469 332 3548 χαρίζεσθαι
349 3469 368 3541 ἢ
387 3475 444 3534 τοῖς
463 3466 558 3535 ἄλλοις
576 3468 709 3549 ἐρασταῖς.
725 3471 824 3524 Τοῦτον
846 3469 860 3523 ό
880 3466 998 3547 Φαῖδρος
1014 3468 1227 3546 όπερθαομοίζων
1241 3469 1288 3524 τόν

179 3564 270 3646 λόγον,
284 3568 410 3643 μσόητὴς
424 3567 522 3624 Λυσίου
536 3567 581 3623 καί
596 3565 723 3646 ίραοτής,
735 3567 861 3646 συνέτυχε
875 3567 1013 3645 Σωκράτει
1028 3567 1087 3623 ὑπὸ
1103 3567 1137 3622 τό
1152 3567 1288 3642 ἱμάτιον

177 3667 298 3746 κατέγων
321 3668 351 3722 τό
377 3662 495 3743 βιόλίον,
518 3665 565 3721 καί
588 3664 746 3744 ἠναγκάσθη
772 3665 823 3720 ὑπὸ
846 3669 894 3720 τοῦ
919 3663 1086 3743 Σωκράτους,
1115 3663 1289 3743 ἐρωτώμενος

126 3771 152 3820 20
178 3763 274 3821 πόθεν
297 3785 331 3822 τε
354 3761 463 3844 ἔρχεται
482 3763 528 3820 καί
549 3769 606 3820 ποῖ
628 3762 743 3836 ἄπεισιν,
766 3762 919 3840 ἀναγνῶναι
939 3762 986 3818 τόν
1008 3761 1092 3839 λόγον
1111 3755 1162 3828 ἔξω
1181 3762 1289 3826 πόλεως

207 3943 236 3996 12
250 3945 286 3993 cf.
304 3942 425 3993 Platonis
442 3941 552 3992 Phaedri
568 3955 595 4005 p.
609 3939 656 3992 227
670 3939 691 3991 C
753 3939 784 3991 13
800 3941 835 3990 οΙ.
850 3939 895 3992 231
911 3941 945 4000 D,
958 3941 1006 3993 244
1021 3945 1045 3992 Α
1109 3942 1187 3994 1401.
1202 3942 1287 3993 2311)

237 4015 268 4066 18
280 4015 316 4065 ot.
333 4013 381 4064 228
396 4016 418 4064 D
482 4013 513 4063 20
526 4011 573 4062 227
587 4015 608 4062 Α

208 4129 254 4180 ΝΟ
272 4128 380 4180 Titulus
400 4130 483 4179 rubro
503 4127 594 4179 colore
608 4127 760 4192 descriptus
779 4128 806 4178 in
822 4133 846 4180 Α
910 4130 1119 4182 ΠΡΟΟΙΜΙΟΝ
1136 4131 1217 4181 addid

179 4200 192 4248 5
207 4201 325 4276 ῥητορικῇ
339 4201 370 4252 C’
385 4201 406 4250 E
421 4202 449 4251 M
468 4214 474 4248 ε
496 4201 615 4267 ῥητορικῆ
630 4203 651 4249 Α
671 4208 703 4250 ut
719 4199 775 4250 vid.
790 4215 797 4250 ε
816 4200 933 4268 ῥητορικὴ
949 4201 977 4252 Ο1
995 4203 1018 4252 D
1035 4216 1041 4252 ε
1065 4202 1196 4270 ῥητορικὴν
1211 4217 1227 4252 a

181 4273 338 4339 ἐπτοημένου]
366 4267 534 4339 τερποόμενον
557 4285 594 4320 a:
622 4270 651 4320 in
679 4271 802 4337 margine
831 4273 1059 4339 προτετραμ[μίνον
1083 4286 1099 4322 a
1161 4273 1175 4322 7
1203 4274 1287 4340 χεῖρα]

182 4348 262 4410 χεῖρας
280 4344 334 4393 M·
374 4343 391 4394 8
408 4347 466 4406 ἡμῖν
486 4356 540 4393 οω.
564 4341 694 4392 BCC¹FM
715 4403 719 4412 Ι
761 4345 838 4409 ὀρέξει
857 4343 947 4405 quis?
970 4343 1139 4395 desideratur
1160 4345 1287 4395 substan-

182 4413 263 4466 tivum
328 4414 358 4464 13
375 4414 503 4466 lacunam
519 4413 646 4478 signavi:
666 4413 837 4464 desideratur
852 4414 927 4463 enim
947 4427 999 4464 vox
1016 4415 1142 4479 quaedam
1157 4415 1191 4464 ad
1206 4429 1289 4479 quam

183 4486 251 4538 αὐτόν
265 4486 369 4536 referas
446 4485 477 4536 15
497 4481 638 4550 φευκτέονί
720 4485 781 4548 μετὰ
799 4484 838 4548 τὸ]
861 4483 894 4548 μὴ
910 4483 938 4534 Μ
958 4493 1014 4536 eta
1088 4485 1119 4536 16
1132 4487 1197 4550 δέον]
1214 4487 1289 4538 δεῖν’.ί

238 4558 268 4608 17
281 4557 412 4622 intellege
428 4559 582 4622 (μᾶλλον)
598 4559 741 4624 χαρίζεσθαι
758 4570 764 4604 :
784 4556 820 4607 οΙ.
837 4556 923 4618 22,18
986 4557 1016 4608 18
1034 4561 1076 4610 καί
1090 4572 1144 4609 om.
1161 4559 1189 4608 M
1206 4561 1230 4620 (τι
1243 4559 1289 4608 ad·

183 4629 298 4680 dentium
317 4628 426 4679 videtur
443 4631 514 4681 ναὶν
533 4629 601 4690 Am
664 4627 733 4678 falso
752 4628 869 4678 Βυκοωε
887 4637 922 4696 τῷ
942 4629 1070 4696 Σωκράτει
1090 4630 1147 4692 (sed
1165 4640 1199 4699 τῷ
1218 4631 1248 4681 in
1268 4631 1289 4681 Ε

183 4699 284 4766 legitur)
348 4701 409 4751 1011.
425 4709 459 4768 τῷ
476 4703 564 4766 ίματίῳ
579 4699 641 4750 coll.
659 4699 729 4750 Plat.

243 4803 412 4854 Οουνκευα
1152 4799 1166 4848 1
