3600 5734
462 609 519 664 ιιι
540 613 600 664 τοι
625 609 800 664 amusos
821 609 963 663 οιιιιοο·
986 599 1107 662 υἳιιιιιι
1303 605 1347 672 ιιι

127 771 195 846 [ίέβ]
229 767 330 844 δυνηθῇ
348 771 403 825 τῶν
422 773 540 840 νοητῶν,
564 762 713 838 ἀδλαόής
733 769 807 842 μένει
824 775 912 826 πᾶσαν
930 766 1039 839 ἐκείνην
1056 761 1107 837 τήν
1127 758 1264 848 περίοδον,
1284 787 1347 824 του·
1400 791 1402 800 ·

226 868 312 926 τέστιν
329 866 361 924 οδ
380 867 471 924 πίπτει
489 867 526 931 είς
544 865 655 944 γένεσιν·
672 871 752 924 τοῖιτο
767 867 819 946 γάρ
833 865 888 924 έστι
902 867 932 923 τδ
947 868 1136 941 πημανθῆναι,
1153 866 1183 922 τὸ
1200 865 1238 930 είς
1250 863 1364 943 γένεσιν

227 973 330 1025 πεσεῖν.
348 962 416 1045 Ὅρα
434 963 463 1023 δέ
481 970 540 1030 πῶς
560 961 678 1046 ἀκριδῶς
696 966 742 1022 καί
763 963 885 1036 ένταῦθα,
906 965 944 1029 ὡς
961 965 1006 1021 καί
1026 964 1053 1021 έν
1072 969 1129 1027 τοῖς
1145 963 1284 1043 ἀνωτέρω,
1299 966 1350 1035 τήν

228 1063 355 1147 διαροράν
376 1067 445 1138 ἡμῖν
463 1069 519 1120 τῶν
536 1085 567 1121 τε
586 1065 669 1122 θείων
685 1065 730 1120 καί
749 1063 925 1142 ἀνθρωπικῶν
941 1065 1038 1144 ψυχῶν
1057 1060 1227 1142 παρίστησιν·
1249 1061 1280 1118 οὗ
1299 1061 1349 1140 γὰρ
1439 1082 1445 1096 ·

180 1165 196 1214 5
229 1162 326 1225 ἀπλῶτ
346 1161 427 1224 εἶπεν,
436 1185 451 1217 ιι
467 1161 513 1219 έάν
531 1160 653 1239 κατίδη
673 1183 702 1219 τι
722 1159 854 1242 (τουτέστι
874 1162 984 1242 μερικδν
1003 1161 1047 1217 καί
1066 1159 1180 1238 ἀτομονή
1199 1159 1244 1216 έάν
1262 1181 1288 1216 τι
1303 1157 1351 1216 οίιν

230 1260 303 1336 έντῇ
319 1260 392 1342 ἀρχῇ
406 1268 455 1332 τῆς
468 1260 594 1340 περιόδου
607 1259 738 1337 κατίδη,
756 1254 906 1332 ἀδλαόής
920 1257 983 1341 ἀχρι
997 1265 1052 1332 τῆς
1068 1259 1180 1338 έτέρας
1193 1255 1351 1338 περιόδου

231 1358 315 1431 μένει·
340 1381 354 1412 ιι
382 1358 469 1438 όγάρ
492 1359 618 1433 αεσμδς
641 1366 692 1430 τῆς
716 1355 926 1438 ’Δδραστείας
948 1357 995 1419 τάς
1021 1354 1152 1436 προόδους
1176 1355 1284 1413 πάντων
1306 1355 1352 1411 καὶ

230 1461 303 1512 θεῶν
322 1455 368 1513 καί
387 1458 484 1537 ψυχῶν
503 1450 760 1537 προκαταλαμδάνει
777 1458 822 1514 καί
841 1456 872 1512 τὸ
891 1461 1030 1536 προσῆκον
1051 1454 1155 1530 έκάστῳ
1177 1451 1351 1511 ἀποδίδωσιν·

231 1554 276 1612 έάν
296 1554 344 1612 οδν
364 1556 410 1612 καί
429 1555 461 1612 τδ
479 1558 563 1638 τυχὸν
581 1554 692 1633 κατίδῃ,
712 1554 872 1628 τηλικοῦτον
889 1556 970 1634 γέρας
994 1554 1159 1630 ἀπονέμεται
1181 1553 1260 1630 αάτή,
1272 1553 1354 1639 ’ὥστε

168 1657 200 1706 Ῑθ
231 1652 300 1726 δ’λην
320 1655 370 1726 τήν
388 1651 514 1734 περίοδον
533 1652 588 1711 ἀνω
609 1655 700 1730 μένειν
718 1654 763 1710 καί
782 1651 996 1734 συμπεριπολεῖν
1015 1658 1071 1719 τοῖς
1090 1658 1176 1718 Ξεοῖς·
1194 1650 1286 1732 ἀνέχει
1305 1651 1355 1730 γάρ

232 1751 316 1825 αὐτήν
333 1753 379 1810 καί
396 1756 415 1824 ή
431 1753 563 1824 οἰκειότης
582 1751 668 1825 αδτῆς
686 1755 705 1824 ή
724 1752 792 1832 πρὸς
807 1753 857 1822 τὴν
871 1750 1008 1832 περίοδον·
1030 1751 1122 1830 ὥσπερ
1136 1751 1181 1806 καί
1195 1749 1309 1806 ἐνταῦθα
1321 1750 1356 1805 τά

233 1849 282 1924 μέν
302 1849 366 1925 μίαν
385 1847 511 1930 περίοδον
527 1849 647 1922 ἡλιακὴν
668 1851 713 1926 ζῇ,
729 1851 762 1907 τά
781 1847 810 1906 δέ
829 1847 888 1922 δύο,
909 1848 982 1906 ἀλλα
1002 1847 1031 1905 δέ
1049 1870 1109 1905 τινα
1124 1847 1241 1926 ήμέραν,
1263 1844 1306 1903 διά
1324 1847 1355 1902 τὸ

232 1954 267 2024 τῇ
287 1947 378 2022 τοιᾷδε
399 1948 475 2007 θέσει
494 1955 549 2006 τῶν
571 1946 674 2029 ἀστρων
695 1948 857 2024 ᾠκειῶσθαι.
881 1948 931 2006 Καὶ
952 1945 1079 2022 δαίμονες
1100 1945 1130 2004 δέ
1150 1968 1218 2010 τινες
1240 1944 1355 2026 ἀνοχαῖς

233 2045 387 2127 συνέχουσιν
401 2045 486 2119 αὐτήν
504 2049 543 2123 μή
561 2053 651 2105 πεσεῖν
671 2046 709 2112 είς
724 2046 837 2125 γένεσιν·
854 2045 945 2125 ὥσπερ
963 2043 997 2116 δή
1013 2047 1123 2125 δρῶμεν
1137 2046 1182 2102 καί
1196 2029 1310 2102 ἐνταῦθα
1324 2043 1372 2099 τά·

168 2147 200 2198 15
233 2144 327 2208 καλῶς
346 2144 430 2225 ιρόντα
449 2145 575 2220 σώματα,
595 2144 646 2202 κάν
664 2149 754 2210 κακῶς
773 2142 910 2221 διαιτηθῇ,
931 2143 1008 2218 ὅμως
1024 2143 1128 2222 όγιεινά
1142 2140 1301 2218 διαμένοντα
1316 2139 1360 2198 διά

234 2245 284 2314 τήν
299 2240 325 2310 έξ
341 2243 430 2323 ἀρχῆς
445 2242 534 2324 ρόσιν·
550 2243 597 2300 καί
610 2243 709 2324 μιαράς
723 2264 795 2307 τινες
810 2238 919 2323 πρόξεις
936 2241 1157 2324 ἐπιχειρήσαντες
1177 2248 1289 2312 ποιῆσαι
1307 2239 1358 2296 ὑπό

234 2361 314 2399 τινων
334 2341 443 2420 ἀγαθῶν
463 2339 600 2417 δαιμόνων
618 2341 794 2414 έκωλόθησαν
814 2340 896 2404 αὐιάς
917 2339 1079 2398 έπιτελέσαι·
1102 2341 1189 2404 οὕτως
1210 2337 1258 2396 οὖν
1276 2339 1357 2408 καίή

234 2441 309 2520 ψυχὴ
320 2443 338 2510 ί,
350 2436 419 2508 ίίπαξ
435 2440 593 2516 θεασαμένη
605 2463 631 2497 τι
645 2446 700 2498 τῶν
716 2445 823 2512 νοητῶν
836 2440 980 2518 βοηθεῖται
993 2438 1039 2496 καὶ
1052 2437 1177 2520 ἀνέχεται
1191 2437 1242 2494 ἀπὸ
1252 2437 1360 2516 ἀγαθῶν

235 2534 372 2612 δαιμόνων
386 2537 432 2595 καί
446 2537 558 2618 ήριόων,
574 2538 644 2596 ὥστε
662 2538 701 2614 μὴ
716 2543 811 2596 πεσεῖν
826 2537 862 2603 είς
873 2538 977 2616 γένεσιν
990 2535 1017 2594 έν
1035 2535 1126 2613 έκείνη
1144 2541 1179 2614 τῇ
1194 2531 1322 2615 περιόδῳ.

170 2701 203 2751 20
277 2688 337 2769 μβ’.
361 2688 459 2750 Ὅταν
480 2689 513 2749 δέ
534 2689 766 2765 ἀδυνατήσασα
788 2687 983 2749 ἐπισπέσθαι
1006 2691 1049 2767 μή
1073 2688 1138 2769 ίδη]
1161 2690 1221 2750 248
1243 2688 1279 2750 C.

279 2828 373 2888 [ίολλά
388 2827 460 2888 αίτια
474 2830 622 2910 καταλέγει
632 2839 684 2903 τῆς
700 2831 744 2889 έπί
757 2833 807 2905 τήν
821 2831 924 2912 γένεσιν
939 2821 1023 2905 αότῆς
1037 2839 1133 2912 φορᾶς·
1148 2833 1199 2903 τήν
1214 2829 1362 2906 ἀδυναμίαν

238 2926 330 3000 αὐτῆς,
350 2928 381 2985 τδ
403 2930 441 3004 μὴ
462 2926 609 3002 δυνηθῆναι
628 2930 656 2988 έν
676 2930 748 3010 ἀρχῇ
768 2939 819 3004 τῆς
836 2929 966 3012 περιόδου
984 2927 1103 2988 κατιδεῖν
1122 2952 1148 2987 τι
1166 2934 1221 2988 τῶν
1241 2934 1374 3006 νοητῶν.4

238 3031 350 3106 Πρῶτον
367 3026 445 3098 οάνή
461 3025 598 3102 ἀδυναμία
612 3034 660 3086 τοῦ
680 3030 836 3088 συνέπεσθαι
850 3036 907 3095 τοῖς
926 3027 1040 3093 ὀπαδοῖς
1058 3033 1112 3086 τῶν
1134 3033 1219 3087 Βεῶν·
1239 3026 1363 3108 διέτεμον

239 3125 269 3182 τὸ
292 3125 330 3199 μή
354 3122 503 3197 δυνηθῆναι
527 3125 611 3198 αὐτὴν
633 3125 699 3184 ίδεῖν
719 3149 745 3184 τι
765 3133 820 3185 τῶν
842 3131 959 3201 νοητῶν·
981 3128 1072 3209 τρίτον
1091 3128 1136 3184 καί
1156 3129 1174 3198 ή
1193 3125 1361 3208 συντυχία·

175 3229 207 3279 25
240 3223 308 3294 αδτη
333 3219 362 3279 δέ
384 3220 453 3279 έστιν
476 3225 495 3293 ή
519 3220 657 3298 δαιμόνων
680 3231 761 3283 τινῶν
784 3213 943 3299 πινόντησις
966 3229 1133 3296 κακοποιῶν,
1161 3225 1200 3288 ῶς
1223 3226 1254 3282 τὸ
1282 3224 1362 3288 είκός·

240 3320 378 3377 ἀποστᾶσα
394 3320 446 3400 γάρ
465 3325 519 3378 τῶν
537 3320 648 3380 όπαδῶν
664 3328 737 3382 θεῶν
751 3322 906 3404 περιπίπτει
920 3323 1044 3401 δαίμοσιν
1060 3325 1087 3380 οἳ
1099 3323 1145 3380 καίΙ
1158 3324 1207 3387 τάς
1223 3320 1366 3396 ἐπιθυμίας

241 3417 324 3490 αὐτῆς
344 3418 390 3484 τίς
409 3419 473 3498 περὶ
492 3421 541 3492 τήν
560 3422 663 3498 γένεσιν
685 3421 851 3488 έξόπτουσιν·
875 3421 967 3503 ὥσπερ
987 3420 1020 3494 δή
1042 3423 1087 3478 καί
1110 3421 1223 3479 ένταῡθα
1244 3422 1364 3500 δρῶμεν,

242 3516 270 3574 έν
288 3517 344 3590 όσῳ
364 3517 413 3593 μέν
433 3518 574 3576 συνέπεταί
592 3539 631 3585 τις
651 3526 691 3596 τῷ
707 3519 862 3596 διδασκάλῳ
877 3521 1031 3602 (Σωκράτει
1046 3520 1110 3603 ρέρε
1128 3519 1146 3593 ή
1163 3517 1239 3594 ἀλλην
1253 3524 1365 3600 χρηστῷ

243 3611 406 3692 διδασκάλῳ)
429 3614 543 3690 κόσμιός
569 3618 666 3674 τεκαὶ
692 3616 812 3690 ἐπιεικὴς
835 3619 939 3698 γίνεται
964 3620 1008 3676 καί
1035 3613 1242 3694 μεταλαμόάνει
1267 3615 1368 3696 ἀγαθοῦ

179 3721 211 3771 ³⁰
242 3712 322 3777 τινός·
344 3711 389 3770 έάν
408 3709 437 3770 δέ
455 3713 560 3790 ἀποστῇ
580 3720 628 3771 τοῦ
648 3713 823 3791 διδασκάλου,
843 3716 1035 3798 περιτυγχάνει
1054 3714 1214 3780 ἀκολάστοις
1229 3716 1275 3772 καί
1293 3715 1367 3772 ἀναι-

245 3807 314 3866 δέσιν
332 3810 493 3890 ἀνθρώποις,
510 3811 537 3870 οί
554 3811 633 3870 αότδν
648 3814 691 3872 έπί
708 3816 757 3880 τάς
773 3814 896 3882 ἐναντίας
913 3815 1060 3896 ἐγείρουσιν
1075 3814 1224 3890 ἐπιθυμίας.
1237 3813 1369 3893 Τέταρτον

246 3905 332 3965 αίτιον
353 3911 371 3980 ί,
394 3907 480 3982 λήθη
502 3911 609 3968 πάντων
630 3918 685 3969 τῶν
706 3919 815 3986 νοητῶν
835 3914 881 3970 καί
900 3916 919 3985 ή
941 3913 1027 3987 αὐτῆς
1046 3913 1202 3994 έτεροποιδς
1224 3911 1270 3970 καί
1292 3931 1369 3991 γενει

246 4007 367 4088 σιουργδς
386 4005 499 4086 δίναμις
522 4011 693 4090 βαρυνομένη
717 4011 815 4071 λοιπὸν
836 4015 882 4070 καί
902 4011 1047 4086 πλήθουσα
1069 4013 1119 4089 μέν
1140 4018 1186 4070 τοῦ
1208 4019 1257 4084 τῆς
1281 4011 1370 4082 λήθης

244 4107 367 4182 πόματος
387 4107 433 4164 καί
452 4107 502 4164 όσα
520 4113 574 4166 τῶν
591 4117 641 4181 τῆς
662 4108 794 4190 γενέσεως
816 4109 935 4186 δεσμῶν,
957 4109 1111 4183 ἀποστάσης
1130 4109 1158 4170 δέ
1172 4111 1218 4168 καί
1231 4107 1370 4180 παντελήι

184 4213 214 4264 35
246 4204 318 4278 λήθη
332 4211 386 4264 τῶν
400 4211 517 4278 νοητῶν.
539 4207 611 4280 Αδτη
632 4208 684 4288 γόρ
704 4206 774 4266 ἐστιν
794 4209 879 4282 αὐτῆς
898 4212 917 4282 ή
936 4209 1037 4268 κακία
1055 4213 1074 4282 ή
1093 4211 1139 4267 καί
1156 4215 1270 4268 ποιοῡσα
1290 4207 1373 4282 αὐτὴν

280 4411 326 4466 ΝΟ
343 4415 357 4465 ί
374 4416 538 4482 ἀνθρωπικῶν
555 4416 616 4464 ΑΗ
640 4429 708 4466 num
729 4417 892 4484 ἀνθρωπίνων
956 4417 1077 4482 {nmen
1097 4420 1121 4469 τί
1139 4419 1168 4468 Α
1228 4417 1257 4467 13
1274 4416 1373 4484 ἀστρων

249 4487 304 4538 Αῑε
324 4488 435 4554 ἀστέρων
454 4483 485 4536 Μ
549 4487 654 4552 ἀνοχαῖς
669 4488 697 4538 Μ
719 4502 725 4537 :
746 4489 846 4557 ἀνοχαῖς
860 4493 883 4539 Α
948 4489 979 4540 16
997 4488 1113 4555 ποιησαι]
1135 4490 1259 4543 ποιεῖσθαι
1280 4485 1310 4539 Μ

248 4558 280 4609 18
292 4561 351 4609 τίΑ
413 4556 644 4620 έθδταν,ὃειιίιε.
660 4562 684 4609 Α
748 4557 778 4610 21
793 4561 881 4628 φοραῖςΙ
897 4561 988 4628 φθορᾶς
1004 4559 1031 4610 Μ
1097 4560 1127 4610 23
1142 4561 1204 4611 fort.
1218 4569 1316 4628 πρῶτον
1330 4559 1373 4612 οὖν

250 4631 391 4690 <αίτιον>
453 4629 484 4678 24
500 4628 592 4694 τρίτον]
608 4633 676 4696 τρίτη
696 4631 724 4680 Μ
789 4632 820 4682 25
838 4630 987 4696 συνάντησις
1002 4639 1056 4682 ouh
1074 4631 1103 4680 Μ
1167 4631 1198 4683 26
1215 4634 1257 4684 καί
1272 4621 1372 4684 σπιθί

311 4700 341 4750 27
358 4697 453 4766 ῶσπερ]
469 4697 534 4751 ὥστε
547 4699 576 4749 Μ
641 4701 671 4751 32
688 4702 788 4754 πάντων
803 4703 920 4767 εστίρείθ
934 4701 1015 4767 πάντη
1028 4702 1090 4754 libri
1154 4701 1184 4753 δδ
1201 4702 1332 4768 πλήθουσα
1344 4717 1373 4742 ··-’

250 4773 280 4823 35
296 4781 392 4836 νοητῶν
407 4777 550 4836 corruptus
567 4771 644 4823 locus
708 4773 738 4824 ³4
756 4775 896 4834 ἀπόστασις
909 4772 940 4826 Μ
954 4763 1028 4839 quo'd
1044 4787 1142 4826 νοτυιιι
1157 4773 1266 4828 videtur
