<?xml version="1.0" encoding="UTF-8"?>
<!DOCTYPE html PUBLIC "-//W3C//DTD XHTML 1.0 Transitional//EN"
    "http://www.w3.org/TR/xhtml1/DTD/xhtml1-transitional.dtd">
<html xmlns="http://www.w3.org/1999/xhtml" xml:lang="en" lang="en">
 <head>
  <title>
</title>
<meta http-equiv="Content-Type" content="text/html;charset=utf-8" />
  <meta name='ocr-system' content='tesseract 3.04.00' />
  <meta name='ocr-capabilities' content='ocr_page ocr_carea ocr_par ocr_line ocrx_word'/>
</head>
<body>
  <div class='ocr_page' id='page_1' title='image "./hermiaealexandr00couvgoog/hermiaealexandr00couvgoog_0046.png"; bbox 0 0 3538 5686; ppageno 0'>
   <div class='ocr_carea' id='block_1_1' title="bbox 409 614 1287 679">
    <p class='ocr_par' dir='ltr' id='par_1_1' title="bbox 409 614 1287 679">
     <span class='ocr_line' id='line_1_1' title="bbox 409 614 1287 679; baseline 0.001 -13"><span class='ocrx_word' id='word_1_1' title='bbox 409 614 465 666; x_wconf 81' lang='grc' dir='ltr'>ΕΙΣ</span> <span class='ocrx_word' id='word_1_2' title='bbox 485 615 546 667; x_wconf 85' lang='lat' dir='ltr'>TON</span> <span class='ocrx_word' id='word_1_3' title='bbox 567 614 744 668; x_wconf 80' lang='grc' dir='ltr'><strong>ΠΛΑΤΩΝΟΣ</strong></span> <span class='ocrx_word' id='word_1_4' title='bbox 765 615 908 666; x_wconf 77' lang='grc' dir='ltr'>ΦΑΙΔΡΟΝ</span> <span class='ocrx_word' id='word_1_5' title='bbox 930 615 1053 667; x_wconf 67' lang='lat' dir='ltr'>riom</span> <span class='ocrx_word' id='word_1_6' title='bbox 1272 629 1287 679; x_wconf 82' lang='lat'><strong>5</strong></span> 
     </span>
    </p>
   </div>
   <div class='ocr_carea' id='block_1_2' title="bbox 85 772 1289 2229">
    <p class='ocr_par' dir='ltr' id='par_1_2' title="bbox 113 772 1288 1148">
     <span class='ocr_line' id='line_1_2' title="bbox 113 772 1287 854; baseline 0.002 -22"><span class='ocrx_word' id='word_1_7' title='bbox 113 779 157 847; x_wconf 85' lang='grc'><strong>[61]</strong></span> <span class='ocrx_word' id='word_1_8' title='bbox 180 776 227 849; x_wconf 77' lang='grc' dir='ltr'>μέν</span> <span class='ocrx_word' id='word_1_9' title='bbox 239 774 306 854; x_wconf 86' lang='grc' dir='ltr'>πρὸς</span> <span class='ocrx_word' id='word_1_10' title='bbox 321 773 352 831; x_wconf 84' lang='grc' dir='ltr'>τὸ</span> <span class='ocrx_word' id='word_1_11' title='bbox 373 774 413 850; x_wconf 75' lang='grc' dir='ltr'>μη</span> <span class='ocrx_word' id='word_1_12' title='bbox 428 773 533 854; x_wconf 79' lang='grc' dir='ltr'>φαῦλον</span> <span class='ocrx_word' id='word_1_13' title='bbox 553 773 667 832; x_wconf 79' lang='grc' dir='ltr'>εἶναιτὸ</span> <span class='ocrx_word' id='word_1_14' title='bbox 685 781 736 846; x_wconf 83' lang='grc' dir='ltr'>τῆς</span> <span class='ocrx_word' id='word_1_15' title='bbox 754 774 851 851; x_wconf 87' lang='grc' dir='ltr'>μανίας</span> <span class='ocrx_word' id='word_1_16' title='bbox 867 772 966 850; x_wconf 78' lang='grc' dir='ltr'>ὄνομα.</span> <span class='ocrx_word' id='word_1_17' title='bbox 987 773 1052 832; x_wconf 78' lang='grc' dir='ltr'>Εἶτα</span> <span class='ocrx_word' id='word_1_18' title='bbox 1068 773 1180 850; x_wconf 79' lang='grc' dir='ltr'>μέλλων</span> <span class='ocrx_word' id='word_1_19' title='bbox 1196 775 1287 854; x_wconf 89' lang='grc' dir='ltr'>λέγειν</span> 
     </span>
     <span class='ocr_line' id='line_1_3' title="bbox 177 868 1287 952; baseline 0.004 -25"><span class='ocrx_word' id='word_1_20' title='bbox 177 870 244 927; x_wconf 81' lang='grc' dir='ltr'>πόσα</span> <span class='ocrx_word' id='word_1_21' title='bbox 263 871 433 950; x_wconf 86' lang='grc' dir='ltr'>&lt;ἀγαθά&gt;</span> <span class='ocrx_word' id='word_1_22' title='bbox 452 869 483 928; x_wconf 88' lang='grc' dir='ltr'>έκ</span> <span class='ocrx_word' id='word_1_23' title='bbox 502 877 551 929; x_wconf 82' lang='grc' dir='ltr'>τοὺ</span> <span class='ocrx_word' id='word_1_24' title='bbox 570 868 669 952; x_wconf 80' lang='grc' dir='ltr'>ἔρωτος</span> <span class='ocrx_word' id='word_1_25' title='bbox 682 875 752 947; x_wconf 79' lang='grc' dir='ltr'>ἡμῖν</span> <span class='ocrx_word' id='word_1_26' title='bbox 767 871 959 948; x_wconf 86' lang='grc' dir='ltr'>έπιπέμπεται,</span> <span class='ocrx_word' id='word_1_27' title='bbox 982 878 1091 952; x_wconf 81' lang='grc' dir='ltr'>πρῶτον</span> <span class='ocrx_word' id='word_1_28' title='bbox 1106 873 1226 951; x_wconf 75' lang='grc' dir='ltr'>ὁρίζεται</span> <span class='ocrx_word' id='word_1_29' title='bbox 1240 875 1287 932; x_wconf 89' lang='grc' dir='ltr'>τὸν</span> 
     </span>
     <span class='ocr_line' id='line_1_4' title="bbox 177 963 1287 1049; baseline 0.005 -25"><span class='ocrx_word' id='word_1_30' title='bbox 177 963 270 1047; x_wconf 86' lang='grc' dir='ltr'>ἔρωτα,</span> <span class='ocrx_word' id='word_1_31' title='bbox 284 968 329 1026; x_wconf 79' lang='grc' dir='ltr'>ἳνα</span> <span class='ocrx_word' id='word_1_32' title='bbox 345 966 486 1044; x_wconf 87' lang='grc' dir='ltr'>είδείημεν</span> <span class='ocrx_word' id='word_1_33' title='bbox 499 971 569 1027; x_wconf 89' lang='grc' dir='ltr'>κατά</span> <span class='ocrx_word' id='word_1_34' title='bbox 582 968 662 1028; x_wconf 85' lang='grc' dir='ltr'>ποίου</span> <span class='ocrx_word' id='word_1_35' title='bbox 677 969 881 1046; x_wconf 71' lang='grc' dir='ltr'>σημαινομένου</span> <span class='ocrx_word' id='word_1_36' title='bbox 895 975 980 1028; x_wconf 81' lang='grc' dir='ltr'>ταῦτα</span> <span class='ocrx_word' id='word_1_37' title='bbox 992 970 1079 1049; x_wconf 90' lang='grc' dir='ltr'>λέγει,</span> <span class='ocrx_word' id='word_1_38' title='bbox 1096 971 1134 1034; x_wconf 86' lang='grc' dir='ltr'>ὡς</span> <span class='ocrx_word' id='word_1_39' title='bbox 1147 971 1191 1026; x_wconf 81' lang='grc' dir='ltr'>καί</span> <span class='ocrx_word' id='word_1_40' title='bbox 1206 970 1232 1028; x_wconf 90' lang='grc' dir='ltr'>έν</span> <span class='ocrx_word' id='word_1_41' title='bbox 1247 976 1287 1045; x_wconf 80' lang='grc' dir='ltr'>τῷ</span> 
     </span>
     <span class='ocr_line' id='line_1_5' title="bbox 175 1064 1288 1148; baseline 0.003 -25"><span class='ocrx_word' id='word_1_42' title='bbox 175 1065 295 1146; x_wconf 85' lang='grc' dir='ltr'>προτέρῳ</span> <span class='ocrx_word' id='word_1_43' title='bbox 309 1064 387 1146; x_wconf 92' lang='grc' dir='ltr'>λόγῳ</span> <span class='ocrx_word' id='word_1_44' title='bbox 403 1068 545 1140; x_wconf 81' lang='grc' dir='ltr'>πεποίηκε.</span> <span class='ocrx_word' id='word_1_45' title='bbox 561 1070 610 1126; x_wconf 80' lang='grc' dir='ltr'>Καὶ</span> <span class='ocrx_word' id='word_1_46' title='bbox 625 1067 719 1139; x_wconf 76' lang='grc' dir='ltr'>ἐπειδὴ</span> <span class='ocrx_word' id='word_1_47' title='bbox 735 1068 861 1145; x_wconf 88' lang='grc' dir='ltr'>μαίνεται</span> <span class='ocrx_word' id='word_1_48' title='bbox 876 1071 890 1126; x_wconf 87' lang='grc' dir='ltr'>ό</span> <span class='ocrx_word' id='word_1_49' title='bbox 905 1069 985 1148; x_wconf 80' lang='grc' dir='ltr'>έρῶν,</span> <span class='ocrx_word' id='word_1_50' title='bbox 1003 1067 1123 1147; x_wconf 72' lang='grc' dir='ltr'>ὁρίζεται</span> <span class='ocrx_word' id='word_1_51' title='bbox 1137 1069 1183 1126; x_wconf 88' lang='grc' dir='ltr'>τὸν</span> <span class='ocrx_word' id='word_1_52' title='bbox 1200 1065 1288 1148; x_wconf 80' lang='grc' dir='ltr'>έρωτα</span> 
     </span>
    </p>

    <p class='ocr_par' dir='ltr' id='par_1_3' title="bbox 85 1164 1289 1440">
     <span class='ocr_line' id='line_1_6' title="bbox 134 1164 1286 1243; baseline 0.003 -23"><span class='ocrx_word' id='word_1_53' title='bbox 134 1175 147 1224; x_wconf 88' lang='grc'>5</span> <span class='ocrx_word' id='word_1_54' title='bbox 176 1164 247 1222; x_wconf 91' lang='grc' dir='ltr'>θείαν</span> <span class='ocrx_word' id='word_1_55' title='bbox 263 1164 363 1241; x_wconf 87' lang='grc' dir='ltr'>μανίαν</span> <span class='ocrx_word' id='word_1_56' title='bbox 376 1165 445 1223; x_wconf 78' lang='grc' dir='ltr'>εἶναι</span> <span class='ocrx_word' id='word_1_57' title='bbox 458 1168 528 1224; x_wconf 78' lang='grc' dir='ltr'>κατὰ</span> <span class='ocrx_word' id='word_1_58' title='bbox 542 1167 693 1243; x_wconf 85' lang='grc' dir='ltr'>ἀνάμνησιν</span> <span class='ocrx_word' id='word_1_59' title='bbox 708 1171 756 1224; x_wconf 83' lang='grc' dir='ltr'><strong>τοῦ</strong></span> <span class='ocrx_word' id='word_1_60' title='bbox 772 1167 969 1230; x_wconf 81' lang='grc' dir='ltr'>αὑτοκάλλους.</span> <span class='ocrx_word' id='word_1_61' title='bbox 989 1165 1061 1225; x_wconf 87' lang='grc' dir='ltr'>Ἐπεὶ</span> <span class='ocrx_word' id='word_1_62' title='bbox 1073 1165 1120 1224; x_wconf 82' lang='grc' dir='ltr'>οὑν</span> <span class='ocrx_word' id='word_1_63' title='bbox 1135 1167 1286 1243; x_wconf 86' lang='grc' dir='ltr'>ἀνάμνησις</span> 
     </span>
     <span class='ocr_line' id='line_1_7' title="bbox 85 1261 1289 1344; baseline -0.003 -21"><span class='ocrx_word' id='word_1_64' title='bbox 85 1272 162 1324; x_wconf 76' lang='grc' dir='ltr'>Μθι·</span> <span class='ocrx_word' id='word_1_65' title='bbox 176 1261 224 1318; x_wconf 85' lang='grc' dir='ltr'>οὑκ</span> <span class='ocrx_word' id='word_1_66' title='bbox 237 1261 268 1318; x_wconf 85' lang='grc' dir='ltr'>ἀν</span> <span class='ocrx_word' id='word_1_67' title='bbox 287 1261 291 1342; x_wconf 77' lang='grc' dir='ltr'>Ι</span> <span class='ocrx_word' id='word_1_68' title='bbox 310 1264 415 1342; x_wconf 84' lang='grc' dir='ltr'>γένοιτο</span> <span class='ocrx_word' id='word_1_69' title='bbox 429 1263 537 1334; x_wconf 78' lang='grc' dir='ltr'>τούτου,</span> <span class='ocrx_word' id='word_1_70' title='bbox 551 1265 589 1340; x_wconf 78' lang='grc' dir='ltr'>μὴ</span> <span class='ocrx_word' id='word_1_71' title='bbox 606 1265 738 1322; x_wconf 75' lang='grc' dir='ltr'>ἀθανάτου</span> <span class='ocrx_word' id='word_1_72' title='bbox 751 1263 834 1336; x_wconf 86' lang='grc' dir='ltr'>οὑσης</span> <span class='ocrx_word' id='word_1_73' title='bbox 850 1271 900 1336; x_wconf 86' lang='grc' dir='ltr'>τῆς</span> <span class='ocrx_word' id='word_1_74' title='bbox 916 1268 1017 1344; x_wconf 80' lang='grc' dir='ltr'>ψυχῆς,</span> <span class='ocrx_word' id='word_1_75' title='bbox 1030 1261 1074 1321; x_wconf 85' lang='grc' dir='ltr'>διά</span> <span class='ocrx_word' id='word_1_76' title='bbox 1087 1263 1213 1344; x_wconf 84' lang='grc' dir='ltr'>βραχίων</span> <span class='ocrx_word' id='word_1_77' title='bbox 1226 1264 1289 1342; x_wconf 70' lang='grc' dir='ltr'>περίΙ</span> 
     </span>
     <span class='ocr_line' id='line_1_8' title="bbox 176 1359 1288 1440; baseline 0.002 -24"><span class='ocrx_word' id='word_1_78' title='bbox 176 1361 315 1425; x_wconf 81' lang='grc' dir='ltr'>ἀθανασίας</span> <span class='ocrx_word' id='word_1_79' title='bbox 339 1364 429 1440; x_wconf 80' lang='grc' dir='ltr'>ψυχῆς</span> <span class='ocrx_word' id='word_1_80' title='bbox 454 1359 620 1440; x_wconf 88' lang='grc' dir='ltr'>διαλέγεται,</span> <span class='ocrx_word' id='word_1_81' title='bbox 644 1362 870 1437; x_wconf 82' lang='grc' dir='ltr'>έπιστημονικοὺς</span> <span class='ocrx_word' id='word_1_82' title='bbox 893 1365 939 1420; x_wconf 85' lang='grc' dir='ltr'>καὶ</span> <span class='ocrx_word' id='word_1_83' title='bbox 962 1360 1166 1426; x_wconf 74' lang='grc' dir='ltr'>ἀποδεικτικοὺς</span> <span class='ocrx_word' id='word_1_84' title='bbox 1189 1361 1288 1440; x_wconf 89' lang='grc' dir='ltr'>λόγους</span> 
     </span>
    </p>

    <p class='ocr_par' dir='ltr' id='par_1_4' title="bbox 174 1458 1287 1639">
     <span class='ocr_line' id='line_1_9' title="bbox 174 1458 1287 1540; baseline 0.001 -24"><span class='ocrx_word' id='word_1_85' title='bbox 174 1459 233 1536; x_wconf 80' lang='grc' dir='ltr'>περὶ</span> <span class='ocrx_word' id='word_1_86' title='bbox 255 1458 337 1530; x_wconf 84' lang='grc' dir='ltr'>αὑτῆς</span> <span class='ocrx_word' id='word_1_87' title='bbox 359 1459 571 1539; x_wconf 77' lang='grc' dir='ltr'>προφερόμενος.</span> <span class='ocrx_word' id='word_1_88' title='bbox 598 1460 756 1537; x_wconf 85' lang='grc' dir='ltr'>’Δσωμάτου</span> <span class='ocrx_word' id='word_1_89' title='bbox 780 1459 808 1517; x_wconf 79' lang='grc' dir='ltr'>δέ</span> <span class='ocrx_word' id='word_1_90' title='bbox 831 1462 875 1517; x_wconf 81' lang='grc' dir='ltr'>καί</span> <span class='ocrx_word' id='word_1_91' title='bbox 899 1460 1014 1540; x_wconf 78' lang='grc' dir='ltr'>ἀοράτου</span> <span class='ocrx_word' id='word_1_92' title='bbox 1034 1459 1119 1532; x_wconf 82' lang='grc' dir='ltr'>αὑτῆς</span> <span class='ocrx_word' id='word_1_93' title='bbox 1141 1458 1233 1532; x_wconf 78' lang='grc' dir='ltr'>οὔσης,</span> <span class='ocrx_word' id='word_1_94' title='bbox 1257 1461 1287 1517; x_wconf 87' lang='grc' dir='ltr'>τὸ</span> 
     </span>
     <span class='ocr_line' id='line_1_10' title="bbox 176 1554 1287 1639; baseline 0 -25"><span class='ocrx_word' id='word_1_95' title='bbox 176 1554 246 1620; x_wconf 81' lang='grc' dir='ltr'>είδος</span> <span class='ocrx_word' id='word_1_96' title='bbox 267 1559 411 1638; x_wconf 81' lang='grc' dir='ltr'>ὑιρηγεῑται</span> <span class='ocrx_word' id='word_1_97' title='bbox 430 1555 520 1637; x_wconf 91' lang='grc' dir='ltr'>λέγων</span> <span class='ocrx_word' id='word_1_98' title='bbox 535 1557 650 1615; x_wconf 83' lang='grc' dir='ltr'>ἐοικέναι</span> <span class='ocrx_word' id='word_1_99' title='bbox 665 1559 749 1630; x_wconf 81' lang='grc' dir='ltr'>αὐτὴν</span> <span class='ocrx_word' id='word_1_100' title='bbox 765 1559 922 1639; x_wconf 75' lang='grc' dir='ltr'>συμφύτῳ</span> <span class='ocrx_word' id='word_1_101' title='bbox 942 1556 1082 1634; x_wconf 79' lang='grc' dir='ltr'>δυνάμει</span> <span class='ocrx_word' id='word_1_102' title='bbox 1103 1559 1287 1637; x_wconf 79' lang='grc' dir='ltr'>ὑποπτέρου</span> 
     </span>
    </p>

    <p class='ocr_par' dir='ltr' id='par_1_5' title="bbox 123 1655 1288 2130">
     <span class='ocr_line' id='line_1_11' title="bbox 123 1655 1285 1737; baseline 0.001 -25"><span class='ocrx_word' id='word_1_103' title='bbox 123 1667 148 1716; x_wconf 86' lang='grc'>10</span> <span class='ocrx_word' id='word_1_104' title='bbox 177 1655 312 1733; x_wconf 83' lang='grc' dir='ltr'>ζεόγους</span> <span class='ocrx_word' id='word_1_105' title='bbox 337 1677 370 1712; x_wconf 90' lang='grc' dir='ltr'>τε</span> <span class='ocrx_word' id='word_1_106' title='bbox 393 1657 446 1712; x_wconf 84' lang='grc' dir='ltr'>καί</span> <span class='ocrx_word' id='word_1_107' title='bbox 469 1656 620 1737; x_wconf 77' lang='grc' dir='ltr'>ἡνιόχου.</span> <span class='ocrx_word' id='word_1_108' title='bbox 645 1655 718 1716; x_wconf 79' lang='grc' dir='ltr'>Ἐπεί</span> <span class='ocrx_word' id='word_1_109' title='bbox 739 1656 786 1714; x_wconf 81' lang='grc' dir='ltr'>οὑν</span> <span class='ocrx_word' id='word_1_110' title='bbox 809 1657 959 1736; x_wconf 77' lang='grc' dir='ltr'>ὑπόπτερον</span> <span class='ocrx_word' id='word_1_111' title='bbox 980 1660 1088 1734; x_wconf 80' lang='grc' dir='ltr'>ἡγεῖται</span> <span class='ocrx_word' id='word_1_112' title='bbox 1109 1656 1160 1726; x_wconf 78' lang='grc' dir='ltr'>τὴν</span> <span class='ocrx_word' id='word_1_113' title='bbox 1183 1657 1285 1735; x_wconf 76' lang='grc' dir='ltr'>ψυχὴν,</span> 
     </span>
     <span class='ocr_line' id='line_1_12' title="bbox 174 1751 1288 1835; baseline 0.001 -26"><span class='ocrx_word' id='word_1_114' title='bbox 174 1755 223 1823; x_wconf 79' lang='grc' dir='ltr'>τὴν</span> <span class='ocrx_word' id='word_1_115' title='bbox 246 1751 276 1810; x_wconf 86' lang='grc' dir='ltr'>δέ</span> <span class='ocrx_word' id='word_1_116' title='bbox 296 1754 446 1834; x_wconf 79' lang='grc' dir='ltr'>ὑπόπτερον</span> <span class='ocrx_word' id='word_1_117' title='bbox 461 1755 538 1835; x_wconf 74' lang='grc' dir='ltr'>φύσιν</span> <span class='ocrx_word' id='word_1_118' title='bbox 553 1755 619 1812; x_wconf 81' lang='grc' dir='ltr'>ποτέ</span> <span class='ocrx_word' id='word_1_119' title='bbox 636 1756 684 1830; x_wconf 79' lang='grc' dir='ltr'>μέν</span> <span class='ocrx_word' id='word_1_120' title='bbox 700 1752 869 1813; x_wconf 78' lang='grc' dir='ltr'>ἀποὺἀλλειν</span> <span class='ocrx_word' id='word_1_121' title='bbox 888 1755 992 1833; x_wconf 78' lang='grc' dir='ltr'>ἀνάγκη</span> <span class='ocrx_word' id='word_1_122' title='bbox 1015 1755 1049 1810; x_wconf 85' lang='grc' dir='ltr'>τά</span> <span class='ocrx_word' id='word_1_123' title='bbox 1066 1755 1162 1832; x_wconf 80' lang='grc' dir='ltr'>πτερὰ,</span> <span class='ocrx_word' id='word_1_124' title='bbox 1178 1755 1245 1810; x_wconf 79' lang='grc' dir='ltr'>ποτέ</span> <span class='ocrx_word' id='word_1_125' title='bbox 1259 1752 1288 1810; x_wconf 75' lang='grc' dir='ltr'>δέ</span> 
     </span>
     <span class='ocr_line' id='line_1_13' title="bbox 174 1851 1287 1935; baseline 0.002 -27"><span class='ocrx_word' id='word_1_126' title='bbox 174 1859 386 1932; x_wconf 82' lang='grc' dir='ltr'>πτερορυεῖν,</span> <span class='ocrx_word' id='word_1_127' title='bbox 403 1856 464 1935; x_wconf 78' lang='grc' dir='ltr'>περὶ</span> <span class='ocrx_word' id='word_1_128' title='bbox 478 1851 576 1911; x_wconf 79' lang='grc' dir='ltr'>ἀνόδου</span> <span class='ocrx_word' id='word_1_129' title='bbox 590 1855 635 1910; x_wconf 78' lang='grc' dir='ltr'>καί</span> <span class='ocrx_word' id='word_1_130' title='bbox 648 1851 765 1912; x_wconf 87' lang='grc' dir='ltr'>καθόδου</span> <span class='ocrx_word' id='word_1_131' title='bbox 778 1855 823 1910; x_wconf 87' lang='grc' dir='ltr'>καὶ</span> <span class='ocrx_word' id='word_1_132' title='bbox 839 1852 1111 1929; x_wconf 85' lang='grc' dir='ltr'>μετενσωματώσεως</span> <span class='ocrx_word' id='word_1_133' title='bbox 1123 1857 1177 1909; x_wconf 82' lang='grc' dir='ltr'>τῶν</span> <span class='ocrx_word' id='word_1_134' title='bbox 1192 1856 1287 1932; x_wconf 79' lang='grc' dir='ltr'>ψυχῶν</span> 
     </span>
     <span class='ocr_line' id='line_1_14' title="bbox 175 1947 1288 2032; baseline 0 -26"><span class='ocrx_word' id='word_1_135' title='bbox 175 1948 342 2028; x_wconf 76' lang='grc' dir='ltr'>διαλέγεται,</span> <span class='ocrx_word' id='word_1_136' title='bbox 365 1955 427 2031; x_wconf 88' lang='grc' dir='ltr'>περί</span> <span class='ocrx_word' id='word_1_137' title='bbox 441 1974 470 2010; x_wconf 88' lang='grc' dir='ltr'>τε</span> <span class='ocrx_word' id='word_1_138' title='bbox 491 1952 571 2025; x_wconf 69' lang='grc' dir='ltr'>θείων</span> <span class='ocrx_word' id='word_1_139' title='bbox 591 1952 637 2008; x_wconf 83' lang='grc' dir='ltr'>καὶ</span> <span class='ocrx_word' id='word_1_140' title='bbox 653 1951 841 2031; x_wconf 85' lang='grc' dir='ltr'>ἀνθρωπίνων,</span> <span class='ocrx_word' id='word_1_141' title='bbox 857 1957 915 2016; x_wconf 81' lang='grc' dir='ltr'>πῶς</span> <span class='ocrx_word' id='word_1_142' title='bbox 927 1949 1039 2008; x_wconf 86' lang='grc' dir='ltr'>έπονται</span> <span class='ocrx_word' id='word_1_143' title='bbox 1061 1953 1101 2007; x_wconf 84' lang='grc' dir='ltr'>Διὶ</span> <span class='ocrx_word' id='word_1_144' title='bbox 1118 1957 1157 2032; x_wconf 75' lang='grc' dir='ltr'>τῷ</span> <span class='ocrx_word' id='word_1_145' title='bbox 1174 1947 1288 2031; x_wconf 87' lang='grc' dir='ltr'>μεγάλῳ</span> 
     </span>
     <span class='ocr_line' id='line_1_15' title="bbox 175 2048 1288 2130; baseline 0.001 -25"><span class='ocrx_word' id='word_1_146' title='bbox 175 2049 302 2126; x_wconf 77' lang='grc' dir='ltr'>ἡγεμόνι,</span> <span class='ocrx_word' id='word_1_147' title='bbox 319 2052 346 2107; x_wconf 79' lang='grc' dir='ltr'>αἳ</span> <span class='ocrx_word' id='word_1_148' title='bbox 362 2051 411 2126; x_wconf 80' lang='grc' dir='ltr'>μὶν</span> <span class='ocrx_word' id='word_1_149' title='bbox 425 2051 476 2122; x_wconf 80' lang='grc' dir='ltr'>ἀεί,</span> <span class='ocrx_word' id='word_1_150' title='bbox 493 2053 521 2108; x_wconf 82' lang='grc' dir='ltr'>αἳ</span> <span class='ocrx_word' id='word_1_151' title='bbox 535 2049 563 2108; x_wconf 77' lang='grc' dir='ltr'>δὲ</span> <span class='ocrx_word' id='word_1_152' title='bbox 576 2051 654 2122; x_wconf 72' lang='grc' dir='ltr'>ποτἐ,</span> <span class='ocrx_word' id='word_1_153' title='bbox 669 2051 752 2108; x_wconf 87' lang='grc' dir='ltr'>κατά</span> <span class='ocrx_word' id='word_1_154' title='bbox 768 2048 888 2108; x_wconf 85' lang='grc' dir='ltr'>ένδεκα</span> <span class='ocrx_word' id='word_1_155' title='bbox 904 2049 986 2130; x_wconf 88' lang='grc' dir='ltr'>μέρη</span> <span class='ocrx_word' id='word_1_156' title='bbox 1002 2057 1053 2122; x_wconf 80' lang='grc' dir='ltr'>τῆς</span> <span class='ocrx_word' id='word_1_157' title='bbox 1068 2055 1193 2130; x_wconf 77' lang='grc' dir='ltr'>στρατιᾶς</span> <span class='ocrx_word' id='word_1_158' title='bbox 1207 2049 1288 2106; x_wconf 80' lang='grc' dir='ltr'>αὑτοῦ</span> 
     </span>
    </p>

    <p class='ocr_par' dir='ltr' id='par_1_6' title="bbox 121 2145 1289 2229">
     <span class='ocr_line' id='line_1_16' title="bbox 121 2145 1289 2229; baseline 0.002 -25"><span class='ocrx_word' id='word_1_159' title='bbox 121 2157 147 2207; x_wconf 87' lang='grc'>15</span> <span class='ocrx_word' id='word_1_160' title='bbox 177 2145 355 2228; x_wconf 75' lang='grc' dir='ltr'>διῃρημένης·</span> <span class='ocrx_word' id='word_1_161' title='bbox 372 2151 418 2207; x_wconf 89' lang='grc' dir='ltr'>καί</span> <span class='ocrx_word' id='word_1_162' title='bbox 432 2149 473 2207; x_wconf 87' lang='grc' dir='ltr'>ότι</span> <span class='ocrx_word' id='word_1_163' title='bbox 494 2152 522 2207; x_wconf 82' lang='grc' dir='ltr'>αἳ</span> <span class='ocrx_word' id='word_1_164' title='bbox 545 2151 593 2226; x_wconf 78' lang='grc' dir='ltr'>μέν</span> <span class='ocrx_word' id='word_1_165' title='bbox 613 2150 770 2229; x_wconf 85' lang='grc' dir='ltr'>ὑπερθέουσι</span> <span class='ocrx_word' id='word_1_166' title='bbox 783 2150 816 2206; x_wconf 86' lang='grc' dir='ltr'>τά</span> <span class='ocrx_word' id='word_1_167' title='bbox 830 2154 904 2207; x_wconf 82' lang='grc' dir='ltr'>νῶτα</span> <span class='ocrx_word' id='word_1_168' title='bbox 919 2153 967 2206; x_wconf 83' lang='grc' dir='ltr'>τοὺ</span> <span class='ocrx_word' id='word_1_169' title='bbox 982 2148 1108 2227; x_wconf 77' lang='grc' dir='ltr'>οὐρανοῦ,</span> <span class='ocrx_word' id='word_1_170' title='bbox 1131 2145 1289 2228; x_wconf 61' lang='grc' dir='ltr'>θεωροῦσαι</span> 
     </span>
    </p>
   </div>
   <div class='ocr_carea' id='block_1_3' title="bbox 172 2240 1288 2328">
    <p class='ocr_par' dir='ltr' id='par_1_7' title="bbox 172 2240 1288 2328">
     <span class='ocr_line' id='line_1_17' title="bbox 172 2240 1288 2328; baseline 0.002 -27"><span class='ocrx_word' id='word_1_171' title='bbox 172 2247 221 2315; x_wconf 81' lang='grc' dir='ltr'>τὴν</span> <span class='ocrx_word' id='word_1_172' title='bbox 250 2245 500 2320; x_wconf 83' lang='grc' dir='ltr'>αὑτοδικαιοσόνην,</span> <span class='ocrx_word' id='word_1_173' title='bbox 527 2247 772 2328; x_wconf 80' lang='grc' dir='ltr'>αὑτοσωρροσόνην</span> <span class='ocrx_word' id='word_1_174' title='bbox 797 2247 841 2303; x_wconf 83' lang='grc' dir='ltr'>καὶ</span> <span class='ocrx_word' id='word_1_175' title='bbox 864 2247 897 2302; x_wconf 86' lang='grc' dir='ltr'>τά</span> <span class='ocrx_word' id='word_1_176' title='bbox 925 2240 996 2318; x_wconf 79' lang='grc' dir='ltr'>έξῆς,</span> <span class='ocrx_word' id='word_1_177' title='bbox 1024 2246 1052 2302; x_wconf 84' lang='grc' dir='ltr'>αἳ</span> <span class='ocrx_word' id='word_1_178' title='bbox 1080 2243 1109 2301; x_wconf 83' lang='grc' dir='ltr'>δέ</span> <span class='ocrx_word' id='word_1_179' title='bbox 1130 2245 1207 2302; x_wconf 87' lang='grc' dir='ltr'>τότε</span> <span class='ocrx_word' id='word_1_180' title='bbox 1230 2243 1288 2320; x_wconf 86' lang='grc' dir='ltr'>μέν</span> 
     </span>
    </p>
   </div>
   <div class='ocr_carea' id='block_1_4' title="bbox 120 2341 1289 3500">
    <p class='ocr_par' dir='ltr' id='par_1_8' title="bbox 120 2341 1289 3500">
     <span class='ocr_line' id='line_1_18' title="bbox 174 2341 1289 2424; baseline -0.002 -22"><span class='ocrx_word' id='word_1_181' title='bbox 174 2341 308 2424; x_wconf 72' lang='grc' dir='ltr'>ἤραντο,</span> <span class='ocrx_word' id='word_1_182' title='bbox 333 2345 410 2404; x_wconf 89' lang='grc' dir='ltr'>τότε</span> <span class='ocrx_word' id='word_1_183' title='bbox 430 2345 463 2403; x_wconf 78' lang='grc' dir='ltr'>δέ</span> <span class='ocrx_word' id='word_1_184' title='bbox 487 2343 617 2418; x_wconf 80' lang='grc' dir='ltr'>ἔδυσαν,</span> <span class='ocrx_word' id='word_1_185' title='bbox 642 2345 670 2402; x_wconf 77' lang='grc' dir='ltr'>αθ</span> <span class='ocrx_word' id='word_1_186' title='bbox 692 2343 720 2401; x_wconf 78' lang='grc' dir='ltr'>δέ</span> <span class='ocrx_word' id='word_1_187' title='bbox 742 2344 922 2424; x_wconf 70' lang='grc' dir='ltr'>ὑποφέρονται</span> <span class='ocrx_word' id='word_1_188' title='bbox 944 2345 1042 2402; x_wconf 83' lang='grc' dir='ltr'>λοιπὸν</span> <span class='ocrx_word' id='word_1_189' title='bbox 1065 2343 1104 2407; x_wconf 86' lang='grc' dir='ltr'>είς</span> <span class='ocrx_word' id='word_1_190' title='bbox 1126 2341 1230 2421; x_wconf 89' lang='grc' dir='ltr'>γένεσιν</span> <span class='ocrx_word' id='word_1_191' title='bbox 1244 2344 1289 2400; x_wconf 81' lang='grc' dir='ltr'>καὶ</span> 
     </span>
     <span class='ocr_line' id='line_1_19' title="bbox 174 2439 1288 2525; baseline 0.001 -26"><span class='ocrx_word' id='word_1_192' title='bbox 174 2443 233 2509; x_wconf 85' lang='grc' dir='ltr'>τοὺς</span> <span class='ocrx_word' id='word_1_193' title='bbox 257 2443 334 2502; x_wconf 81' lang='grc' dir='ltr'>ἐννέα</span> <span class='ocrx_word' id='word_1_194' title='bbox 357 2445 431 2522; x_wconf 90' lang='grc' dir='ltr'>βίους</span> <span class='ocrx_word' id='word_1_195' title='bbox 452 2445 589 2525; x_wconf 71' lang='grc' dir='ltr'>αἱροῦνται</span> <span class='ocrx_word' id='word_1_196' title='bbox 610 2443 641 2501; x_wconf 91' lang='grc' dir='ltr'>έκ</span> <span class='ocrx_word' id='word_1_197' title='bbox 660 2451 711 2515; x_wconf 84' lang='grc' dir='ltr'>τῆς</span> <span class='ocrx_word' id='word_1_198' title='bbox 734 2443 790 2500; x_wconf 86' lang='grc' dir='ltr'>έκεῖ</span> <span class='ocrx_word' id='word_1_199' title='bbox 813 2447 867 2500; x_wconf 83' lang='grc' dir='ltr'>τῶν</span> <span class='ocrx_word' id='word_1_200' title='bbox 889 2440 969 2502; x_wconf 76' lang='grc' dir='ltr'>εἰδῶν</span> <span class='ocrx_word' id='word_1_201' title='bbox 992 2441 1070 2508; x_wconf 60' lang='grc' dir='ltr'>θέας.</span> <span class='ocrx_word' id='word_1_202' title='bbox 1097 2441 1125 2498; x_wconf 76' lang='lat'>‘0</span> <span class='ocrx_word' id='word_1_203' title='bbox 1151 2441 1208 2516; x_wconf 84' lang='grc' dir='ltr'>μέν</span> <span class='ocrx_word' id='word_1_204' title='bbox 1232 2439 1288 2500; x_wconf 84' lang='grc' dir='ltr'>οὑν</span> 
     </span>
     <span class='ocr_line' id='line_1_20' title="bbox 174 2533 1289 2620; baseline -0.001 -23"><span class='ocrx_word' id='word_1_205' title='bbox 174 2543 336 2612; x_wconf 81' lang='grc' dir='ltr'>νεοτελής</span> <span class='ocrx_word' id='word_1_206' title='bbox 354 2543 407 2599; x_wconf 89' lang='grc' dir='ltr'>ἀπὸ</span> <span class='ocrx_word' id='word_1_207' title='bbox 422 2547 470 2600; x_wconf 82' lang='grc' dir='ltr'>τοὺ</span> <span class='ocrx_word' id='word_1_208' title='bbox 485 2540 578 2600; x_wconf 75' lang='grc' dir='ltr'>ἐνθάδε</span> <span class='ocrx_word' id='word_1_209' title='bbox 591 2540 710 2607; x_wconf 81' lang='grc' dir='ltr'>κάλλους</span> <span class='ocrx_word' id='word_1_210' title='bbox 724 2540 767 2598; x_wconf 79' lang='grc' dir='ltr'>ἐπὶ</span> <span class='ocrx_word' id='word_1_211' title='bbox 779 2543 811 2599; x_wconf 85' lang='grc' dir='ltr'>τὸ</span> <span class='ocrx_word' id='word_1_212' title='bbox 826 2541 854 2598; x_wconf 89' lang='grc' dir='ltr'>έν</span> <span class='ocrx_word' id='word_1_213' title='bbox 866 2547 905 2617; x_wconf 83' lang='grc' dir='ltr'>νῷ</span> <span class='ocrx_word' id='word_1_214' title='bbox 919 2541 1022 2606; x_wconf 82' lang='grc' dir='ltr'>κάλλος</span> <span class='ocrx_word' id='word_1_215' title='bbox 1036 2533 1136 2606; x_wconf 79' lang='grc' dir='ltr'>ὀξέως</span> <span class='ocrx_word' id='word_1_216' title='bbox 1151 2538 1289 2620; x_wconf 80' lang='grc' dir='ltr'>φέρεται</span> 
     </span>
     <span class='ocr_line' id='line_1_21' title="bbox 120 2637 1286 2719; baseline -0.001 -22"><span class='ocrx_word' id='word_1_217' title='bbox 120 2647 147 2697; x_wconf 80' lang='grc'>20</span> <span class='ocrx_word' id='word_1_218' title='bbox 174 2641 215 2696; x_wconf 79' lang='grc' dir='ltr'>καὶ</span> <span class='ocrx_word' id='word_1_219' title='bbox 232 2637 305 2697; x_wconf 83' lang='grc' dir='ltr'>σέόει</span> <span class='ocrx_word' id='word_1_220' title='bbox 326 2641 373 2697; x_wconf 85' lang='grc' dir='ltr'>τὸν</span> <span class='ocrx_word' id='word_1_221' title='bbox 394 2640 545 2719; x_wconf 81' lang='grc' dir='ltr'>ἐρώμενον,</span> <span class='ocrx_word' id='word_1_222' title='bbox 562 2641 607 2698; x_wconf 82' lang='grc' dir='ltr'>καί</span> <span class='ocrx_word' id='word_1_223' title='bbox 628 2640 771 2719; x_wconf 85' lang='grc' dir='ltr'>συνανάγει</span> <span class='ocrx_word' id='word_1_224' title='bbox 785 2639 866 2698; x_wconf 83' lang='grc' dir='ltr'>αὑτὸν</span> <span class='ocrx_word' id='word_1_225' title='bbox 884 2638 945 2716; x_wconf 88' lang='grc' dir='ltr'>μεθ’</span> <span class='ocrx_word' id='word_1_226' title='bbox 960 2641 1055 2696; x_wconf 84' lang='grc' dir='ltr'>έαυτοῦ</span> <span class='ocrx_word' id='word_1_227' title='bbox 1073 2637 1115 2695; x_wconf 82' lang='grc' dir='ltr'>ἀπὶ</span> <span class='ocrx_word' id='word_1_228' title='bbox 1131 2638 1162 2695; x_wconf 88' lang='grc' dir='ltr'>τὸ</span> <span class='ocrx_word' id='word_1_229' title='bbox 1176 2639 1286 2710; x_wconf 88' lang='grc' dir='ltr'>νοητὸν,</span> 
     </span>
     <span class='ocr_line' id='line_1_22' title="bbox 175 2731 1288 2817; baseline -0.001 -25"><span class='ocrx_word' id='word_1_230' title='bbox 175 2737 237 2810; x_wconf 88' lang='grc' dir='ltr'>μίαν</span> <span class='ocrx_word' id='word_1_231' title='bbox 248 2738 344 2808; x_wconf 80' lang='grc' dir='ltr'>κοινὴν</span> <span class='ocrx_word' id='word_1_232' title='bbox 360 2737 434 2808; x_wconf 67' lang='grc' dir='ltr'>ζωὴν</span> <span class='ocrx_word' id='word_1_233' title='bbox 448 2738 647 2811; x_wconf 80' lang='grc' dir='ltr'>ἀσπαζόμενος,</span> <span class='ocrx_word' id='word_1_234' title='bbox 665 2739 713 2795; x_wconf 84' lang='grc' dir='ltr'>άτε</span> <span class='ocrx_word' id='word_1_235' title='bbox 729 2736 762 2808; x_wconf 78' lang='grc' dir='ltr'>δὴ</span> <span class='ocrx_word' id='word_1_236' title='bbox 776 2737 963 2817; x_wconf 85' lang='grc' dir='ltr'>κατεχόμενος</span> <span class='ocrx_word' id='word_1_237' title='bbox 978 2743 1017 2811; x_wconf 84' lang='grc' dir='ltr'>τῷ</span> <span class='ocrx_word' id='word_1_238' title='bbox 1032 2735 1140 2812; x_wconf 91' lang='grc' dir='ltr'>κοσμίῳ</span> <span class='ocrx_word' id='word_1_239' title='bbox 1155 2737 1199 2792; x_wconf 87' lang='grc' dir='ltr'>καί</span> <span class='ocrx_word' id='word_1_240' title='bbox 1213 2731 1288 2811; x_wconf 63' lang='grc' dir='ltr'>θείῳ</span> 
     </span>
     <span class='ocr_line' id='line_1_23' title="bbox 174 2830 1288 2917; baseline 0.001 -27"><span class='ocrx_word' id='word_1_241' title='bbox 174 2831 252 2912; x_wconf 82' lang='grc' dir='ltr'>ἔρωτι</span> <span class='ocrx_word' id='word_1_242' title='bbox 275 2835 394 2913; x_wconf 77' lang='grc' dir='ltr'>ἡγεμόνι</span> <span class='ocrx_word' id='word_1_243' title='bbox 416 2835 560 2915; x_wconf 87' lang='grc' dir='ltr'>χρώμενος</span> <span class='ocrx_word' id='word_1_244' title='bbox 584 2833 635 2916; x_wconf 82' lang='grc' dir='ltr'>[τῷ</span> <span class='ocrx_word' id='word_1_245' title='bbox 659 2831 732 2909; x_wconf 62' lang='grc' dir='ltr'>θείῳ</span> <span class='ocrx_word' id='word_1_246' title='bbox 755 2830 860 2917; x_wconf 83' lang='grc' dir='ltr'>έρωτι]·</span> <span class='ocrx_word' id='word_1_247' title='bbox 883 2836 898 2891; x_wconf 90' lang='grc' dir='ltr'>ό</span> <span class='ocrx_word' id='word_1_248' title='bbox 923 2833 949 2891; x_wconf 78' lang='grc' dir='ltr'>δέ</span> <span class='ocrx_word' id='word_1_249' title='bbox 976 2835 1014 2910; x_wconf 77' lang='grc' dir='ltr'>μὴ</span> <span class='ocrx_word' id='word_1_250' title='bbox 1038 2839 1162 2897; x_wconf 78' lang='grc' dir='ltr'>τοιοῦτος</span> <span class='ocrx_word' id='word_1_251' title='bbox 1188 2833 1233 2890; x_wconf 85' lang='grc' dir='ltr'>καὶ</span> <span class='ocrx_word' id='word_1_252' title='bbox 1257 2835 1288 2891; x_wconf 85' lang='grc' dir='ltr'>τὸ</span> 
     </span>
     <span class='ocr_line' id='line_1_24' title="bbox 175 2927 1287 3012; baseline 0 -26"><span class='ocrx_word' id='word_1_253' title='bbox 175 2929 288 3011; x_wconf 80' lang='grc' dir='ltr'>αἰσχρὸν</span> <span class='ocrx_word' id='word_1_254' title='bbox 306 2939 357 3003; x_wconf 81' lang='grc' dir='ltr'>τῆς</span> <span class='ocrx_word' id='word_1_255' title='bbox 369 2930 470 3004; x_wconf 79' lang='grc' dir='ltr'>ἡδονῆς</span> <span class='ocrx_word' id='word_1_256' title='bbox 489 2932 677 3008; x_wconf 71' lang='grc' dir='ltr'>ἀσπαζόμενος</span> <span class='ocrx_word' id='word_1_257' title='bbox 699 2933 744 2988; x_wconf 86' lang='grc' dir='ltr'>καί</span> <span class='ocrx_word' id='word_1_258' title='bbox 765 2933 812 2989; x_wconf 89' lang='grc' dir='ltr'>τὸν</span> <span class='ocrx_word' id='word_1_259' title='bbox 827 2929 985 3012; x_wconf 79' lang='grc' dir='ltr'>έρὺόριστον</span> <span class='ocrx_word' id='word_1_260' title='bbox 1000 2927 1090 3010; x_wconf 75' lang='grc' dir='ltr'>ἔρωτα</span> <span class='ocrx_word' id='word_1_261' title='bbox 1104 2929 1146 2988; x_wconf 85' lang='grc' dir='ltr'>έπὶ</span> <span class='ocrx_word' id='word_1_262' title='bbox 1166 2932 1197 2987; x_wconf 88' lang='grc' dir='ltr'>τὺ</span> <span class='ocrx_word' id='word_1_263' title='bbox 1218 2929 1287 2987; x_wconf 84' lang='grc' dir='ltr'>ἀλό-</span> 
     </span>
     <span class='ocr_line' id='line_1_25' title="bbox 168 3028 1288 3112; baseline 0.004 -28"><span class='ocrx_word' id='word_1_264' title='bbox 168 3051 265 3106; x_wconf 82' lang='grc' dir='ltr'>γιστον</span> <span class='ocrx_word' id='word_1_265' title='bbox 286 3031 332 3086; x_wconf 80' lang='grc' dir='ltr'>καί</span> <span class='ocrx_word' id='word_1_266' title='bbox 353 3029 432 3088; x_wconf 83' lang='grc' dir='ltr'>άνουν</span> <span class='ocrx_word' id='word_1_267' title='bbox 450 3039 501 3102; x_wconf 82' lang='grc' dir='ltr'>τῆς</span> <span class='ocrx_word' id='word_1_268' title='bbox 526 3028 595 3103; x_wconf 84' lang='grc' dir='ltr'>θ’λης</span> <span class='ocrx_word' id='word_1_269' title='bbox 616 3031 789 3112; x_wconf 78' lang='grc' dir='ltr'>ἀποφέρεται.</span> <span class='ocrx_word' id='word_1_270' title='bbox 805 3035 894 3089; x_wconf 83' lang='grc' dir='ltr'>Ταῦτα</span> <span class='ocrx_word' id='word_1_271' title='bbox 908 3029 937 3087; x_wconf 77' lang='grc' dir='ltr'>δέ</span> <span class='ocrx_word' id='word_1_272' title='bbox 951 3032 1051 3094; x_wconf 82' lang='grc' dir='ltr'>ίκανῶς</span> <span class='ocrx_word' id='word_1_273' title='bbox 1066 3028 1229 3086; x_wconf 79' lang='grc' dir='ltr'>ἐνδείκνυται</span> <span class='ocrx_word' id='word_1_274' title='bbox 1242 3031 1288 3088; x_wconf 88' lang='grc' dir='ltr'>καὶ</span> 
     </span>
     <span class='ocr_line' id='line_1_26' title="bbox 121 3124 1287 3206; baseline -0.003 -20"><span class='ocrx_word' id='word_1_275' title='bbox 121 3135 147 3186; x_wconf 85' lang='grc'>25</span> <span class='ocrx_word' id='word_1_276' title='bbox 176 3125 352 3206; x_wconf 82' lang='grc' dir='ltr'>ίμψυχότατα</span> <span class='ocrx_word' id='word_1_277' title='bbox 374 3124 417 3183; x_wconf 83' lang='grc' dir='ltr'>διά</span> <span class='ocrx_word' id='word_1_278' title='bbox 432 3135 481 3198; x_wconf 82' lang='grc' dir='ltr'>τῆς</span> <span class='ocrx_word' id='word_1_279' title='bbox 502 3127 606 3190; x_wconf 89' lang='grc' dir='ltr'>είκόνος</span> <span class='ocrx_word' id='word_1_280' title='bbox 629 3131 676 3183; x_wconf 80' lang='grc' dir='ltr'>τοῦ</span> <span class='ocrx_word' id='word_1_281' title='bbox 698 3148 727 3185; x_wconf 86' lang='grc' dir='ltr'>τε</span> <span class='ocrx_word' id='word_1_282' title='bbox 746 3127 863 3206; x_wconf 76' lang='grc' dir='ltr'>ἡνιόχου</span> <span class='ocrx_word' id='word_1_283' title='bbox 882 3127 926 3183; x_wconf 79' lang='grc' dir='ltr'>καί</span> <span class='ocrx_word' id='word_1_284' title='bbox 947 3132 1005 3184; x_wconf 83' lang='grc' dir='ltr'>τοῖν</span> <span class='ocrx_word' id='word_1_285' title='bbox 1021 3124 1094 3183; x_wconf 89' lang='grc' dir='ltr'>δυοῖν</span> <span class='ocrx_word' id='word_1_286' title='bbox 1116 3124 1222 3198; x_wconf 79' lang='grc' dir='ltr'>ίπποιν,</span> <span class='ocrx_word' id='word_1_287' title='bbox 1238 3131 1287 3183; x_wconf 83' lang='grc' dir='ltr'>τοὺ</span> 
     </span>
     <span class='ocr_line' id='line_1_27' title="bbox 176 3221 1287 3305; baseline 0.002 -25"><span class='ocrx_word' id='word_1_288' title='bbox 176 3225 222 3298; x_wconf 79' lang='grc' dir='ltr'>μέν</span> <span class='ocrx_word' id='word_1_289' title='bbox 242 3221 367 3289; x_wconf 69' lang='grc' dir='ltr'>εἴκοντος</span> <span class='ocrx_word' id='word_1_290' title='bbox 379 3231 419 3300; x_wconf 81' lang='grc' dir='ltr'>τῷ</span> <span class='ocrx_word' id='word_1_291' title='bbox 432 3223 599 3300; x_wconf 84' lang='grc' dir='ltr'>κελεόσματι</span> <span class='ocrx_word' id='word_1_292' title='bbox 616 3226 662 3282; x_wconf 90' lang='grc' dir='ltr'>καί</span> <span class='ocrx_word' id='word_1_293' title='bbox 674 3225 816 3298; x_wconf 88' lang='grc' dir='ltr'>πειθηνίου</span> <span class='ocrx_word' id='word_1_294' title='bbox 831 3231 871 3300; x_wconf 81' lang='grc' dir='ltr'>τῷ</span> <span class='ocrx_word' id='word_1_295' title='bbox 885 3225 1003 3305; x_wconf 76' lang='grc' dir='ltr'>ἡνιόχῳ,</span> <span class='ocrx_word' id='word_1_296' title='bbox 1017 3229 1066 3280; x_wconf 78' lang='grc' dir='ltr'>τοὺ</span> <span class='ocrx_word' id='word_1_297' title='bbox 1081 3222 1109 3281; x_wconf 77' lang='grc' dir='ltr'>δὲ</span> <span class='ocrx_word' id='word_1_298' title='bbox 1124 3224 1287 3303; x_wconf 85' lang='grc' dir='ltr'>οίστρῶντος</span> 
     </span>
     <span class='ocr_line' id='line_1_28' title="bbox 173 3316 1285 3402; baseline 0 -24"><span class='ocrx_word' id='word_1_299' title='bbox 173 3323 276 3396; x_wconf 81' lang='grc' dir='ltr'>καὶτῷ</span> <span class='ocrx_word' id='word_1_300' title='bbox 297 3321 399 3402; x_wconf 86' lang='grc' dir='ltr'>κέντρῳ</span> <span class='ocrx_word' id='word_1_301' title='bbox 420 3324 458 3396; x_wconf 81' lang='grc' dir='ltr'>μή</span> <span class='ocrx_word' id='word_1_302' title='bbox 482 3321 649 3386; x_wconf 88' lang='grc' dir='ltr'>ὑπείκοντος.</span> <span class='ocrx_word' id='word_1_303' title='bbox 673 3320 802 3386; x_wconf 80' lang='grc' dir='ltr'>’Δποδοὺς</span> <span class='ocrx_word' id='word_1_304' title='bbox 816 3319 863 3378; x_wconf 86' lang='grc' dir='ltr'>οὑν</span> <span class='ocrx_word' id='word_1_305' title='bbox 884 3323 935 3392; x_wconf 81' lang='grc' dir='ltr'>τὴν</span> <span class='ocrx_word' id='word_1_306' title='bbox 950 3319 1117 3395; x_wconf 85' lang='grc' dir='ltr'>παλινῳδίαν</span> <span class='ocrx_word' id='word_1_307' title='bbox 1131 3327 1171 3396; x_wconf 76' lang='grc' dir='ltr'>τῷ</span> <span class='ocrx_word' id='word_1_308' title='bbox 1193 3316 1285 3400; x_wconf 85' lang='grc' dir='ltr'>ἐ’ρωτι,</span> 
     </span>
     <span class='ocr_line' id='line_1_29' title="bbox 175 3417 1287 3500; baseline -0.001 -23"><span class='ocrx_word' id='word_1_309' title='bbox 175 3417 284 3500; x_wconf 82' lang='grc' dir='ltr'>εὑχεται</span> <span class='ocrx_word' id='word_1_310' title='bbox 301 3426 341 3494; x_wconf 81' lang='grc' dir='ltr'>τῷ</span> <span class='ocrx_word' id='word_1_311' title='bbox 360 3419 460 3500; x_wconf 81' lang='grc' dir='ltr'>Ἔρωτι</span> <span class='ocrx_word' id='word_1_312' title='bbox 475 3420 548 3495; x_wconf 80' lang='grc' dir='ltr'>αὐτῷ</span> <span class='ocrx_word' id='word_1_313' title='bbox 566 3419 630 3499; x_wconf 89' lang='grc' dir='ltr'>ὑπέρ</span> <span class='ocrx_word' id='word_1_314' title='bbox 645 3442 675 3477; x_wconf 88' lang='grc' dir='ltr'>τε</span> <span class='ocrx_word' id='word_1_315' title='bbox 689 3422 786 3476; x_wconf 69' lang='grc' dir='ltr'>ἑαυτοῦ</span> <span class='ocrx_word' id='word_1_316' title='bbox 800 3421 845 3476; x_wconf 85' lang='grc' dir='ltr'>καὶ</span> <span class='ocrx_word' id='word_1_317' title='bbox 868 3418 967 3477; x_wconf 87' lang='grc' dir='ltr'>Λυσίου</span> <span class='ocrx_word' id='word_1_318' title='bbox 985 3421 1030 3475; x_wconf 83' lang='grc' dir='ltr'>καὶ</span> <span class='ocrx_word' id='word_1_319' title='bbox 1051 3417 1184 3498; x_wconf 84' lang='grc' dir='ltr'>Φαίδρου,</span> <span class='ocrx_word' id='word_1_320' title='bbox 1201 3420 1287 3494; x_wconf 73' lang='grc' dir='ltr'>ἑαυτῷ</span> 
     </span>
    </p>
   </div>
   <div class='ocr_carea' id='block_1_5' title="bbox 175 3627 1225 3824">
    <p class='ocr_par' dir='ltr' id='par_1_9' title="bbox 175 3627 1225 3824">
     <span class='ocr_line' id='line_1_30' title="bbox 203 3627 1225 3682; baseline 0 -2"><span class='ocrx_word' id='word_1_321' title='bbox 203 3629 218 3680; x_wconf 85' lang='grc'><strong>2</strong></span> <span class='ocrx_word' id='word_1_322' title='bbox 231 3631 267 3682; x_wconf 82' lang='lat' dir='ltr'>oi.</span> <span class='ocrx_word' id='word_1_323' title='bbox 281 3629 363 3680; x_wconf 72' lang='lat' dir='ltr'>249ss</span> <span class='ocrx_word' id='word_1_324' title='bbox 425 3630 440 3680; x_wconf 90' lang='grc'><strong>7</strong></span> <span class='ocrx_word' id='word_1_325' title='bbox 456 3629 548 3680; x_wconf 72' lang='grc'><strong>01245</strong></span> <span class='ocrx_word' id='word_1_326' title='bbox 560 3629 585 3679; x_wconf 89' lang='lat' dir='ltr'>D</span> <span class='ocrx_word' id='word_1_327' title='bbox 647 3629 706 3679; x_wconf 84' lang='grc'><strong>9·10</strong></span> <span class='ocrx_word' id='word_1_328' title='bbox 719 3629 766 3680; x_wconf 79' lang='grc'>246</span> <span class='ocrx_word' id='word_1_329' title='bbox 778 3631 802 3679; x_wconf 86' lang='grc' dir='ltr'>Α</span> <span class='ocrx_word' id='word_1_330' title='bbox 865 3627 897 3679; x_wconf 86' lang='grc'>10</span> <span class='ocrx_word' id='word_1_331' title='bbox 910 3629 945 3679; x_wconf 83' lang='lat' dir='ltr'>ol.</span> <span class='ocrx_word' id='word_1_332' title='bbox 959 3627 1040 3680; x_wconf 79' lang='grc'><strong>2461)</strong></span> <span class='ocrx_word' id='word_1_333' title='bbox 1104 3629 1134 3680; x_wconf 86' lang='grc'>12</span> <span class='ocrx_word' id='word_1_334' title='bbox 1146 3627 1190 3680; x_wconf 86' lang='grc'>251</span> <span class='ocrx_word' id='word_1_335' title='bbox 1204 3630 1225 3680; x_wconf 89' lang='lat' dir='ltr'>C</span> 
     </span>
     <span class='ocr_line' id='line_1_31' title="bbox 175 3699 1223 3752; baseline 0.002 -2"><span class='ocrx_word' id='word_1_336' title='bbox 175 3701 421 3752; x_wconf 70' lang='grc' dir='ltr'>14246Εῑ247Α</span> <span class='ocrx_word' id='word_1_337' title='bbox 483 3699 514 3751; x_wconf 88' lang='grc'>15</span> <span class='ocrx_word' id='word_1_338' title='bbox 536 3699 783 3752; x_wconf 72' lang='grc' dir='ltr'>01247Βτοε1)</span> <span class='ocrx_word' id='word_1_339' title='bbox 847 3701 1028 3752; x_wconf 83' lang='grc' dir='ltr'><strong>16·17248Α</strong></span> <span class='ocrx_word' id='word_1_340' title='bbox 1093 3700 1223 3752; x_wconf 81' lang='grc'>182481)</span> 
     </span>
     <span class='ocr_line' id='line_1_32' title="bbox 175 3771 715 3824; baseline -0.004 0"><span class='ocrx_word' id='word_1_341' title='bbox 175 3771 246 3824; x_wconf 69' lang='grc'><strong>1819</strong></span> <span class='ocrx_word' id='word_1_342' title='bbox 260 3773 308 3824; x_wconf 86' lang='grc'>250</span> <span class='ocrx_word' id='word_1_343' title='bbox 320 3772 342 3822; x_wconf 90' lang='lat' dir='ltr'>E</span> <span class='ocrx_word' id='word_1_344' title='bbox 404 3772 436 3824; x_wconf 85' lang='grc'>26</span> <span class='ocrx_word' id='word_1_345' title='bbox 449 3773 484 3824; x_wconf 79' lang='lat' dir='ltr'>ci.</span> <span class='ocrx_word' id='word_1_346' title='bbox 500 3771 546 3823; x_wconf 85' lang='lat'>251</span> <span class='ocrx_word' id='word_1_347' title='bbox 567 3773 590 3822; x_wconf 88' lang='lat' dir='ltr'>D</span> <span class='ocrx_word' id='word_1_348' title='bbox 607 3786 613 3822; x_wconf 91' lang='lat'><strong>:</strong></span> <span class='ocrx_word' id='word_1_349' title='bbox 628 3771 673 3822; x_wconf 82' lang='grc'>253</span> <span class='ocrx_word' id='word_1_350' title='bbox 693 3771 715 3822; x_wconf 89' lang='grc' dir='ltr'>Ε</span> 
     </span>
    </p>
   </div>
   <div class='ocr_carea' id='block_1_6' title="bbox 204 3910 412 3978">
    <p class='ocr_par' dir='ltr' id='par_1_10' title="bbox 204 3910 412 3978">
     <span class='ocr_line' id='line_1_33' title="bbox 204 3910 412 3978; baseline 0.005 -18"><span class='ocrx_word' id='word_1_351' title='bbox 204 3910 265 3960; x_wconf 84' lang='lat' dir='ltr'>TIT</span> <span class='ocrx_word' id='word_1_352' title='bbox 281 3910 296 3960; x_wconf 86' lang='lat'><strong>7</strong></span> <span class='ocrx_word' id='word_1_353' title='bbox 310 3911 374 3978; x_wconf 80' lang='grc' dir='ltr'>έρως</span> <span class='ocrx_word' id='word_1_354' title='bbox 388 3913 412 3961; x_wconf 87' lang='grc' dir='ltr'>Α</span> 
     </span>
    </p>
   </div>
   <div class='ocr_carea' id='block_1_7' title="bbox 177 4043 1288 4825">
    <p class='ocr_par' dir='ltr' id='par_1_11' title="bbox 177 4043 1288 4386">
     <span class='ocr_line' id='line_1_34' title="bbox 206 4043 1288 4114; baseline 0.004 -18"><span class='ocrx_word' id='word_1_355' title='bbox 206 4045 252 4097; x_wconf 85' lang='lat' dir='ltr'>NG</span> <span class='ocrx_word' id='word_1_356' title='bbox 275 4046 290 4096; x_wconf 91' lang='grc'><strong>2</strong></span> <span class='ocrx_word' id='word_1_357' title='bbox 309 4045 392 4112; x_wconf 74' lang='grc' dir='ltr'>ἀγαθά</span> <span class='ocrx_word' id='word_1_358' title='bbox 406 4043 499 4096; x_wconf 80' lang='lat' dir='ltr'>addidi</span> <span class='ocrx_word' id='word_1_359' title='bbox 561 4046 575 4095; x_wconf 85' lang='grc'>3</span> <span class='ocrx_word' id='word_1_360' title='bbox 590 4044 721 4111; x_wconf 75' lang='grc' dir='ltr'>εἰδείημεν]</span> <span class='ocrx_word' id='word_1_361' title='bbox 740 4047 838 4110; x_wconf 84' lang='grc' dir='ltr'>ιίθῆμεν</span> <span class='ocrx_word' id='word_1_362' title='bbox 854 4045 902 4095; x_wconf 87' lang='lat' dir='ltr'>M:</span> <span class='ocrx_word' id='word_1_363' title='bbox 918 4047 1021 4114; x_wconf 82' lang='grc' dir='ltr'>είδῶμεν</span> <span class='ocrx_word' id='word_1_364' title='bbox 1036 4051 1095 4099; x_wconf 82' lang='grc' dir='ltr'>Αετ</span> <span class='ocrx_word' id='word_1_365' title='bbox 1121 4048 1177 4113; x_wconf 85' lang='lat' dir='ltr'>(qui</span> <span class='ocrx_word' id='word_1_366' title='bbox 1202 4053 1230 4100; x_wconf 80' lang='lat' dir='ltr'>ei</span> <span class='ocrx_word' id='word_1_367' title='bbox 1253 4048 1288 4100; x_wconf 81' lang='lat' dir='ltr'>de</span> 
     </span>
     <span class='ocr_line' id='line_1_35' title="bbox 177 4116 1287 4188; baseline 0.005 -20"><span class='ocrx_word' id='word_1_368' title='bbox 177 4119 294 4184; x_wconf 74' lang='grc' dir='ltr'>εἰδείημεν</span> <span class='ocrx_word' id='word_1_369' title='bbox 307 4117 446 4182; x_wconf 67' lang='lat' dir='ltr'>cogitavit)</span> <span class='ocrx_word' id='word_1_370' title='bbox 508 4119 550 4169; x_wconf 90' lang='grc' dir='ltr'>καί</span> <span class='ocrx_word' id='word_1_371' title='bbox 563 4129 616 4167; x_wconf 88' lang='lat' dir='ltr'>om.</span> <span class='ocrx_word' id='word_1_372' title='bbox 629 4117 657 4166; x_wconf 88' lang='lat' dir='ltr'><strong>M</strong></span> <span class='ocrx_word' id='word_1_373' title='bbox 721 4116 736 4166; x_wconf 76' lang='lat' dir='ltr'>l</span> <span class='ocrx_word' id='word_1_374' title='bbox 748 4120 816 4184; x_wconf 86' lang='grc' dir='ltr'>λόγῳ</span> <span class='ocrx_word' id='word_1_375' title='bbox 828 4121 906 4169; x_wconf 84' lang='grc' dir='ltr'>ταῦτα</span> <span class='ocrx_word' id='word_1_376' title='bbox 917 4121 1038 4184; x_wconf 83' lang='grc' dir='ltr'>πεποίηκε</span> <span class='ocrx_word' id='word_1_377' title='bbox 1049 4121 1078 4170; x_wconf 91' lang='grc' dir='ltr'><strong>Μ</strong></span> <span class='ocrx_word' id='word_1_378' title='bbox 1141 4121 1157 4170; x_wconf 87' lang='grc' dir='ltr'>ὑ</span> <span class='ocrx_word' id='word_1_379' title='bbox 1172 4123 1287 4188; x_wconf 83' lang='grc' dir='ltr'>βραχέων</span> 
     </span>
     <span class='ocr_line' id='line_1_36' title="bbox 178 4186 1285 4258; baseline 0.004 -18"><span class='ocrx_word' id='word_1_380' title='bbox 178 4193 229 4257; x_wconf 86' lang='grc' dir='ltr'>περὶ</span> <span class='ocrx_word' id='word_1_381' title='bbox 242 4189 353 4240; x_wconf 73' lang='grc' dir='ltr'>οναυίιί.</span> <span class='ocrx_word' id='word_1_382' title='bbox 370 4189 399 4238; x_wconf 87' lang='lat' dir='ltr'>in</span> <span class='ocrx_word' id='word_1_383' title='bbox 416 4191 440 4238; x_wconf 87' lang='grc' dir='ltr'>Α</span> <span class='ocrx_word' id='word_1_384' title='bbox 502 4188 518 4239; x_wconf 87' lang='grc'><strong>7</strong></span> <span class='ocrx_word' id='word_1_385' title='bbox 532 4186 730 4253; x_wconf 78' lang='grc' dir='ltr'>ἀποδεικτικοὺς]</span> <span class='ocrx_word' id='word_1_386' title='bbox 742 4188 910 4248; x_wconf 77' lang='grc' dir='ltr'>διαλεκτικοὺς</span> <span class='ocrx_word' id='word_1_387' title='bbox 924 4190 951 4239; x_wconf 89' lang='grc' dir='ltr'><strong>Μ</strong></span> <span class='ocrx_word' id='word_1_388' title='bbox 1016 4189 1031 4239; x_wconf 88' lang='grc'><strong>9</strong></span> <span class='ocrx_word' id='word_1_389' title='bbox 1044 4189 1134 4257; x_wconf 83' lang='grc' dir='ltr'>λέγων]</span> <span class='ocrx_word' id='word_1_390' title='bbox 1148 4195 1244 4258; x_wconf 86' lang='grc' dir='ltr'>λέγεται</span> <span class='ocrx_word' id='word_1_391' title='bbox 1257 4193 1285 4244; x_wconf 89' lang='grc' dir='ltr'><strong>Μ</strong></span> 
     </span>
     <span class='ocr_line' id='line_1_37' title="bbox 179 4259 1286 4331; baseline 0.004 -21"><span class='ocrx_word' id='word_1_392' title='bbox 179 4260 213 4320; x_wconf 75' lang='lat' dir='ltr'>iel</span> <span class='ocrx_word' id='word_1_393' title='bbox 226 4261 256 4319; x_wconf 89' lang='grc' dir='ltr'>Β,</span> <span class='ocrx_word' id='word_1_394' title='bbox 279 4259 462 4325; x_wconf 77' lang='lat' dir='ltr'>suprascripto</span> <span class='ocrx_word' id='word_1_395' title='bbox 476 4262 563 4325; x_wconf 77' lang='grc' dir='ltr'>λέγωνί</span> <span class='ocrx_word' id='word_1_396' title='bbox 627 4259 658 4309; x_wconf 88' lang='grc'>10</span> <span class='ocrx_word' id='word_1_397' title='bbox 682 4262 787 4326; x_wconf 82' lang='grc' dir='ltr'>ἡνιόχου</span> <span class='ocrx_word' id='word_1_398' title='bbox 811 4262 870 4310; x_wconf 80' lang='grc' dir='ltr'>ΑεΤ</span> <span class='ocrx_word' id='word_1_399' title='bbox 886 4263 992 4324; x_wconf 79' lang='grc' dir='ltr'>ἡμιόνου</span> <span class='ocrx_word' id='word_1_400' title='bbox 1015 4261 1075 4312; x_wconf 86' lang='lat' dir='ltr'>libri</span> <span class='ocrx_word' id='word_1_401' title='bbox 1139 4264 1286 4331; x_wconf 87' lang='grc' dir='ltr'>ὑπόπτερον,</span> 
     </span>
     <span class='ocr_line' id='line_1_38' title="bbox 179 4329 1287 4386; baseline 0.005 -6"><span class='ocrx_word' id='word_1_402' title='bbox 179 4331 222 4382; x_wconf 78' lang='lat' dir='ltr'>sed</span> <span class='ocrx_word' id='word_1_403' title='bbox 241 4336 254 4384; x_wconf 82' lang='grc' dir='ltr'>ό</span> <span class='ocrx_word' id='word_1_404' title='bbox 273 4345 308 4383; x_wconf 83' lang='lat' dir='ltr'>ex</span> <span class='ocrx_word' id='word_1_405' title='bbox 328 4330 440 4382; x_wconf 77' lang='lat' dir='ltr'>emend.</span> <span class='ocrx_word' id='word_1_406' title='bbox 455 4333 479 4380; x_wconf 85' lang='grc' dir='ltr'><strong>Α</strong></span> <span class='ocrx_word' id='word_1_407' title='bbox 545 4331 573 4380; x_wconf 86' lang='grc'>11</span> <span class='ocrx_word' id='word_1_408' title='bbox 588 4329 818 4382; x_wconf 62' lang='lat' dir='ltr'>inormem—12</span> <span class='ocrx_word' id='word_1_409' title='bbox 832 4339 880 4382; x_wconf 82' lang='grc' dir='ltr'>τῶν</span> <span class='ocrx_word' id='word_1_410' title='bbox 890 4344 945 4381; x_wconf 89' lang='lat' dir='ltr'>om.</span> <span class='ocrx_word' id='word_1_411' title='bbox 957 4333 985 4382; x_wconf 88' lang='lat' dir='ltr'>M</span> <span class='ocrx_word' id='word_1_412' title='bbox 1051 4333 1126 4384; x_wconf 88' lang='grc'><strong>11-12</strong></span> <span class='ocrx_word' id='word_1_413' title='bbox 1141 4334 1166 4386; x_wconf 81' lang='grc' dir='ltr'>δέ</span> <span class='ocrx_word' id='word_1_414' title='bbox 1176 4347 1230 4385; x_wconf 88' lang='lat' dir='ltr'>om.</span> <span class='ocrx_word' id='word_1_415' title='bbox 1242 4335 1287 4386; x_wconf 89' lang='lat' dir='ltr'>BC</span> 
     </span>
    </p>

    <p class='ocr_par' dir='ltr' id='par_1_12' title="bbox 180 4400 1288 4825">
     <span class='ocr_line' id='line_1_39' title="bbox 235 4400 1288 4472; baseline 0 -16"><span class='ocrx_word' id='word_1_416' title='bbox 235 4402 398 4470; x_wconf 74' lang='grc' dir='ltr'>πτεροφυεῖῦ</span> <span class='ocrx_word' id='word_1_417' title='bbox 460 4400 491 4452; x_wconf 87' lang='grc'>12</span> <span class='ocrx_word' id='word_1_418' title='bbox 504 4405 546 4454; x_wconf 87' lang='grc' dir='ltr'>καί</span> <span class='ocrx_word' id='word_1_419' title='bbox 561 4405 668 4453; x_wconf 85' lang='grc' dir='ltr'>καθόδου</span> <span class='ocrx_word' id='word_1_420' title='bbox 683 4415 740 4451; x_wconf 88' lang='lat' dir='ltr'>om.</span> <span class='ocrx_word' id='word_1_421' title='bbox 758 4400 813 4450; x_wconf 76' lang='lat'>13¹0</span> <span class='ocrx_word' id='word_1_422' title='bbox 875 4400 905 4452; x_wconf 79' lang='lat'>1³</span> <span class='ocrx_word' id='word_1_423' title='bbox 920 4405 1058 4469; x_wconf 82' lang='grc' dir='ltr'>διαλέγεται</span> <span class='ocrx_word' id='word_1_424' title='bbox 1072 4405 1185 4468; x_wconf 78' lang='lat' dir='ltr'>scripsi:</span> <span class='ocrx_word' id='word_1_425' title='bbox 1200 4406 1288 4472; x_wconf 80' lang='grc' dir='ltr'>διαλή-</span> 
     </span>
     <span class='ocr_line' id='line_1_40' title="bbox 180 4471 1287 4542; baseline 0.003 -16"><span class='ocrx_word' id='word_1_426' title='bbox 180 4480 246 4542; x_wconf 77' lang='grc' dir='ltr'>ψεται</span> <span class='ocrx_word' id='word_1_427' title='bbox 263 4475 327 4526; x_wconf 88' lang='lat' dir='ltr'><strong>libri</strong></span> <span class='ocrx_word' id='word_1_428' title='bbox 392 4473 502 4542; x_wconf 81' lang='grc' dir='ltr'>μεγάλῳ]</span> <span class='ocrx_word' id='word_1_429' title='bbox 525 4477 590 4538; x_wconf 82' lang='grc' dir='ltr'>μελω</span> <span class='ocrx_word' id='word_1_430' title='bbox 611 4473 639 4522; x_wconf 87' lang='grc' dir='ltr'>Μ</span> <span class='ocrx_word' id='word_1_431' title='bbox 661 4473 721 4535; x_wconf 81' lang='lat' dir='ltr'>(sed</span> <span class='ocrx_word' id='word_1_432' title='bbox 742 4471 841 4540; x_wconf 82' lang='grc' dir='ltr'>μεγάλῳ</span> <span class='ocrx_word' id='word_1_433' title='bbox 860 4473 890 4523; x_wconf 85' lang='lat' dir='ltr'>in</span> <span class='ocrx_word' id='word_1_434' title='bbox 909 4475 1045 4540; x_wconf 76' lang='lat' dir='ltr'>margine)</span> <span class='ocrx_word' id='word_1_435' title='bbox 1109 4476 1185 4526; x_wconf 66' lang='lat' dir='ltr'>lsi-17</span> <span class='ocrx_word' id='word_1_436' title='bbox 1203 4481 1287 4529; x_wconf 89' lang='grc' dir='ltr'>τότε...</span> 
     </span>
     <span class='ocr_line' id='line_1_41' title="bbox 180 4542 1288 4614; baseline 0.004 -17"><span class='ocrx_word' id='word_1_437' title='bbox 180 4547 238 4612; x_wconf 85' lang='grc' dir='ltr'>τότε]</span> <span class='ocrx_word' id='word_1_438' title='bbox 256 4547 345 4598; x_wconf 83' lang='grc' dir='ltr'>ποτέ...</span> <span class='ocrx_word' id='word_1_439' title='bbox 363 4545 422 4598; x_wconf 83' lang='grc' dir='ltr'>ποτέ</span> <span class='ocrx_word' id='word_1_440' title='bbox 437 4545 465 4594; x_wconf 89' lang='grc' dir='ltr'><strong>Μ</strong></span> <span class='ocrx_word' id='word_1_441' title='bbox 531 4545 560 4594; x_wconf 91' lang='grc'>17</span> <span class='ocrx_word' id='word_1_442' title='bbox 581 4542 672 4612; x_wconf 73' lang='grc' dir='ltr'>ἤραντο</span> <span class='ocrx_word' id='word_1_443' title='bbox 691 4543 788 4606; x_wconf 85' lang='lat' dir='ltr'>scripsi</span> <span class='ocrx_word' id='word_1_444' title='bbox 808 4543 873 4596; x_wconf 78' lang='lat'>0011.</span> <span class='ocrx_word' id='word_1_445' title='bbox 899 4543 993 4596; x_wconf 53' lang='lat' dir='ltr'>Plan:</span> <span class='ocrx_word' id='word_1_446' title='bbox 1013 4545 1117 4614; x_wconf 80' lang='grc' dir='ltr'>ἤρξαντο</span> <span class='ocrx_word' id='word_1_447' title='bbox 1136 4547 1197 4598; x_wconf 87' lang='lat' dir='ltr'>libri</span> <span class='ocrx_word' id='word_1_448' title='bbox 1261 4553 1288 4601; x_wconf 82' lang='grc' dir='ltr'>αθ</span> 
     </span>
     <span class='ocr_line' id='line_1_42' title="bbox 181 4615 1288 4689; baseline 0.004 -21"><span class='ocrx_word' id='word_1_449' title='bbox 181 4617 204 4669; x_wconf 84' lang='grc' dir='ltr'>δέ</span> <span class='ocrx_word' id='word_1_450' title='bbox 221 4619 330 4682; x_wconf 76' lang='lat' dir='ltr'>scripsi:</span> <span class='ocrx_word' id='word_1_451' title='bbox 346 4621 372 4669; x_wconf 87' lang='grc' dir='ltr'>αί</span> <span class='ocrx_word' id='word_1_452' title='bbox 386 4619 428 4668; x_wconf 85' lang='grc' dir='ltr'>καί</span> <span class='ocrx_word' id='word_1_453' title='bbox 442 4616 505 4666; x_wconf 89' lang='lat' dir='ltr'>libri</span> <span class='ocrx_word' id='word_1_454' title='bbox 567 4615 598 4666; x_wconf 83' lang='lat'>20</span> <span class='ocrx_word' id='word_1_455' title='bbox 617 4616 719 4682; x_wconf 82' lang='grc' dir='ltr'>συνάγει</span> <span class='ocrx_word' id='word_1_456' title='bbox 738 4615 767 4664; x_wconf 99' lang='grc' dir='ltr'><strong>Μ</strong></span> <span class='ocrx_word' id='word_1_457' title='bbox 831 4615 861 4665; x_wconf 86' lang='grc'>21</span> <span class='ocrx_word' id='word_1_458' title='bbox 880 4615 989 4685; x_wconf 87' lang='grc' dir='ltr'>κοσμίῳ]</span> <span class='ocrx_word' id='word_1_459' title='bbox 1007 4622 1096 4687; x_wconf 87' lang='grc' dir='ltr'>κόσμῳ</span> <span class='ocrx_word' id='word_1_460' title='bbox 1116 4621 1144 4670; x_wconf 91' lang='grc' dir='ltr'><strong>Μ</strong></span> <span class='ocrx_word' id='word_1_461' title='bbox 1209 4619 1288 4689; x_wconf 79' lang='grc' dir='ltr'>22τῷ</span> 
     </span>
     <span class='ocr_line' id='line_1_43' title="bbox 180 4685 1288 4758; baseline 0.004 -19"><span class='ocrx_word' id='word_1_462' title='bbox 180 4691 232 4756; x_wconf 83' lang='grc' dir='ltr'>θείῳ</span> <span class='ocrx_word' id='word_1_463' title='bbox 245 4691 317 4758; x_wconf 85' lang='grc' dir='ltr'>έρωτι</span> <span class='ocrx_word' id='word_1_464' title='bbox 332 4688 435 4742; x_wconf 73' lang='lat' dir='ltr'>delevit</span> <span class='ocrx_word' id='word_1_465' title='bbox 447 4692 506 4740; x_wconf 75' lang='lat' dir='ltr'>Aer</span> <span class='ocrx_word' id='word_1_466' title='bbox 537 4687 741 4755; x_wconf 81' lang='grc' dir='ltr'>25έμψνχότητα</span> <span class='ocrx_word' id='word_1_467' title='bbox 760 4686 788 4737; x_wconf 90' lang='grc' dir='ltr'><strong>Μ</strong></span> <span class='ocrx_word' id='word_1_468' title='bbox 810 4685 876 4750; x_wconf 70' lang='lat' dir='ltr'>(iam</span> <span class='ocrx_word' id='word_1_469' title='bbox 900 4694 1053 4740; x_wconf 73' lang='lat' dir='ltr'><strong>correxerat</strong></span> <span class='ocrx_word' id='word_1_470' title='bbox 1073 4693 1141 4754; x_wconf 61' lang='lat' dir='ltr'>tisri</span> <span class='ocrx_word' id='word_1_471' title='bbox 1204 4695 1248 4743; x_wconf 85' lang='grc' dir='ltr'>τοὺ</span> <span class='ocrx_word' id='word_1_472' title='bbox 1262 4711 1288 4743; x_wconf 90' lang='grc' dir='ltr'>τε</span> 
     </span>
     <span class='ocr_line' id='line_1_44' title="bbox 181 4758 645 4825; baseline -0.002 -15"><span class='ocrx_word' id='word_1_473' title='bbox 181 4761 288 4825; x_wconf 80' lang='lat' dir='ltr'>scripsi:</span> <span class='ocrx_word' id='word_1_474' title='bbox 301 4760 343 4813; x_wconf 77' lang='grc' dir='ltr'>διά</span> <span class='ocrx_word' id='word_1_475' title='bbox 355 4779 381 4813; x_wconf 83' lang='grc' dir='ltr'>ιτ</span> <span class='ocrx_word' id='word_1_476' title='bbox 395 4763 438 4812; x_wconf 81' lang='grc' dir='ltr'>τοῦ</span> <span class='ocrx_word' id='word_1_477' title='bbox 452 4758 514 4810; x_wconf 89' lang='lat' dir='ltr'>libri</span> <span class='ocrx_word' id='word_1_478' title='bbox 527 4759 586 4822; x_wconf 77' lang='lat' dir='ltr'><strong>(sed</strong></span> <span class='ocrx_word' id='word_1_479' title='bbox 600 4761 645 4820; x_wconf 62' lang='grc' dir='ltr'>Διί</span> 
     </span>
    </p>
   </div>
   <div class='ocr_carea' id='block_1_8' title="bbox 0 0 1779 5686">
    <p class='ocr_par' dir='ltr' id='par_1_13' title="bbox 0 0 1779 5686">
     <span class='ocr_line' id='line_1_45' title="bbox 0 0 1779 5686; baseline 0 0"><span class='ocrx_word' id='word_1_480' title='bbox 0 0 1779 5686; x_wconf 95' lang='lat' dir='ltr'> </span> 
     </span>
    </p>
   </div>
  </div>
 </body>
</html>
