3600 5734
427 619 481 672 ΕΙΣ
502 621 563 671 TON
586 617 762 671 nmmos
782 620 924 672 ΦΑΙΔΡΟΝ
949 619 1071 671 Σλθλίλ
1265 627 1318 678 175.

15 843 17 846 ¹
78 781 149 848 1156]
183 774 209 830 οί
229 773 332 830 νεοττοί
350 769 394 829 διά
412 773 462 842 τήν
481 773 594 852 φυσικὴν
612 774 782 844 κατασκευὴν
805 771 923 854 ἐφίενται
942 773 991 849 μέν
1010 779 1057 830 τοῦ
1080 781 1189 844 πτῆναι,
1213 771 1311 830 ἀδυνα-

183 876 260 928 τοῦσι
281 869 309 927 δέ
327 871 374 928 καί
394 871 597 952 καταφέρονται,
620 871 666 927 τὸν
686 870 768 927 αὐτὸν
788 871 889 951 τρόπον
910 873 954 928 καί
976 874 1003 928 αί
1026 873 1122 930 νεωστί
1146 871 1312 950 ἀνοιγόμεναι

72 977 167 1030 mv·
183 967 268 1048 ψυχαί
290 967 378 1042 τούτῳ
398 973 435 1046 τῷ
454 968 534 1024 πάθει
556 967 759 1036 ἀπεικάζονται·
783 965 923 1049 ἐφιέμενοι
945 969 994 1043 μέν
1015 968 1134 1042 ἐκείνων,
1159 968 1164 1048 Ι
1186 968 1261 1024 κάτω
1283 965 1312 1024 δὲ

181 1069 418 1145 κατακρατήσασαι
440 1063 483 1122 διά
502 1067 533 1122 τὸ
557 1069 642 1141 μήπω
665 1064 832 1146 ένιδρυθῆναι
857 1065 884 1124 έν
904 1066 1006 1139 αὐτοῖς,
1026 1065 1198 1124 ἀδυνατοῦσιν
1218 1065 1262 1122 έπί
1279 1065 1311 1122 τό

135 1175 151 1225 5
184 1161 240 1221 ἀνω
253 1164 404 1236 ἀναπτῆναι
415 1165 460 1220 καί
475 1163 527 1220 ἀπὸ
542 1170 595 1221 τῶν
610 1165 744 1237 αἰσθητῶν
760 1164 803 1222 έπί
816 1163 849 1222 τά
861 1164 991 1238 διανοητά
1005 1164 1127 1244 γενέσθαι
1142 1164 1187 1245 (τά
1198 1163 1250 1244 γάρ
1263 1171 1312 1236 τῆς

184 1265 277 1344 ψυχῆς
291 1265 338 1334 νον]
344 1283 416 1337 ματα
431 1259 559 1334 διανοητὰ
575 1259 721 1342 λέγονται),
742 1262 792 1320 εἶθ’
808 1265 895 1328 ούτως
911 1264 963 1320 ἀπὸ
978 1269 1034 1321 τῶν
1053 1261 1203 1336 διανοητῶν
1218 1261 1262 1319 έπί
1279 1261 1312 1318 τά

184 1361 268 1433 νοητά
282 1360 435 1439 ἀνάγεσθαι.
452 1396 491 1406 -
505 1363 539 1418 Τὸ
552 1359 580 1418 δέ
597 1361 729 1438 βλέπων
749 1360 826 1434 ἀνω,
842 1366 907 1419 τῶν
925 1361 1014 1419 κάτω
1033 1359 1065 1418 δέ
1084 1360 1233 1437 ἀμελῶν,
1249 1381 1313 1418 του-

185 1457 256 1515 τέστι
271 1459 493 1538 προθυμούμενος
508 1458 656 1539 ἀναχθῆναι
667 1461 712 1515 κε’·Ι
723 1465 901 1540 καταφρονῶν
913 1463 969 1516 τῶν
983 1459 1203 1540 ἀνθρωπίνων
1220 1480 1313 1517 σπου-

187 1555 375 1632 δασμάτων,
400 1559 416 1613 δ
440 1559 486 1614 καί
510 1557 635 1637 ἀνωτέρω
662 1557 732 1628 εἶπε,
758 1556 790 1614 ού
813 1555 959 1632 δυνάμενος
983 1553 1012 1614 δέ
1037 1556 1119 1614 αὐτοῦ
1144 1555 1243 1614 ἐκείνου
1266 1561 1314 1613 τοῦ

121 1664 154 1714 10
187 1653 409 1730 σπουδαζομένων
423 1650 636 1736 καταδράξασθαι
651 1652 694 1710 διά
709 1655 739 1711 τὸ
757 1655 795 1730 μά,
813 1657 996 1726 σινεθισθῆναι
1011 1653 1093 1735 αύτῷ.

231 1837 266 1900 δ’.
292 1839 340 1904 Ὧς
362 1839 421 1920 ἀ’ρα
443 1843 537 1918 αὕτη]
560 1841 618 1899 249
642 1839 678 1901 Ε.

233 1993 298 2052 Ὧδε
320 1991 474 2052 ἀποδέδωκε
497 1995 543 2050 τὸν
563 1995 650 2052 πάντα
670 1995 761 2074 λόγον,
783 1997 823 2053 ότι
842 1997 943 2076 κυρίοις
966 1995 1105 2076 έραστής
1126 1999 1280 2062 καλεῖται
1302 2001 1316 2055 ό

190 2093 312 2164 ταύτης
334 2101 390 2164 τῆς
416 2092 537 2168 μανίας
560 2092 640 2171 έρῶν,
666 2093 704 2158 είς
725 2095 754 2150 τὸ
780 2093 878 2166 νοητὸν
902 2093 1007 2158 κάλλος
1029 2097 1074 2152 καί
1095 2095 1159 2153 αὐτὸ
1181 2097 1211 2153 τό
1231 2096 1316 2156 καλὸν

191 2190 359 2270 ἀναγόμενος
372 2191 417 2247 καί
432 2191 586 2270 συνανάγων
600 2191 633 2248 τά
646 2189 767 2251 παιδικά.

128 2371 159 2419 15
236 2364 268 2423 ε’.
292 2363 442 2444 Καθάπερ
464 2364 523 2444 γάρ
545 2361 686 2444 είρηται]
709 2365 767 2424 249
790 2364 826 2426 Ε.

236 2521 270 2580 “A
290 2523 365 2580 εἶπεν
385 2521 519 2601 ἀνωτέρω,
540 2526 624 2578 ταῦτα
643 2521 671 2578 έν
690 2521 817 2598 συντόμῳ
832 2522 919 2578 πάντα
940 2523 1091 2600 συνάγεται·
1112 2531 1209 2581 Ξεᾰται
1222 2524 1271 2604 γάρ
1285 2524 1319 2580 τά

195 2619 259 2679 ὄντα
274 2619 315 2678 διὸ
330 2622 374 2678 καί
389 2619 501 2702 ἐφίεται·
518 2619 550 2676 ού
565 2620 616 2700 γάρ
632 2617 662 2676 ἀν
678 2619 769 2701 ἀφίετο
783 2622 822 2676 ῶν
841 2623 949 2695 μήποτε
964 2619 1102 2679 ἐθεάσατο·
1120 2619 1165 2679 διά
1177 2627 1256 2678 τοῦτο
1272 2621 1319 2679 ούν

194 2720 282 2778 πάντα
295 2719 328 2776 τά
341 2717 467 2798 ἀνωτέρω
479 2717 511 2774 τά
525 2719 586 2798 περὶ
599 2721 692 2800 ψυχῆς
710 2719 780 2791 είπε,
798 2716 901 2786 δεικνύς
915 2719 981 2777 οίων
997 2718 1104 2799 ἀγαθῶν
1120 2718 1206 2787 α’ίτιος
1221 2723 1290 2796 ἡμῖν
1306 2721 1320 2776 ὁ

196 2817 265 2899 ἔρως
290 2817 398 2896 γίνεται,
423 2815 530 2894 ἀνάγων
553 2818 627 2890 ἡμᾶς
651 2816 691 2881 είς
715 2818 746 2874 τὸ
771 2815 930 2879 αύτόκαλον.
957 2819 1058 2876 Φύσει
1082 2817 1110 2876 δέ
1131 2819 1206 2877 εἶπεν
1228 2816 1320 2888 ἐπειδὴ

131 2921 162 2971 20
196 2925 282 2976 πάσα
296 2919 381 2999 ψυχὴ
396 2917 492 2998 φύσει
511 2917 664 2974 τεθέαται
682 2916 720 2973 τά
739 2913 827 2990 ὅντα,
844 2914 917 2975 ἀλλά
932 2915 964 2974 ού
979 2924 1051 2974 πάσα
1066 2913 1125 2998 έχει
1142 2916 1208 2974 αύτά
1223 2912 1322 2996 προόε-

198 3011 326 3092 θλημένα
346 3015 391 3072 καί
412 3013 516 3095 ἐνεργά,
537 3012 577 3071 διὸ
597 3012 658 3072 οὐδὲ
679 3013 798 3094 εὐχερῶς
817 3016 914 3094 καίπερ
933 3015 1028 3097 φύσει
1048 3015 1113 3072 αότά
1133 3014 1233 3096 ἔχοντα
1250 3014 1322 3074 ἀνα·

200 3113 426 3192 μιμνήσκεται
447 3118 502 3170 τῶν
522 3109 618 3174 όντων.

241 3287 276 3356 ς’.
299 3289 379 3347 θύτε
401 3289 474 3346 ὅσαι
498 3288 640 3369 βραχέως
662 3285 765 3369 εἶδον]
788 3291 847 3348 250
869 3287 906 3349 A.

244 3451 392 3526 Συντόμως
416 3450 510 3520 εἰπεῖν,
534 3449 565 3512 ἀς
588 3450 664 3506 εἶπεν
686 3448 775 3513 αἰτίας
795 3458 844 3520 τῆς
864 3447 980 3507 καθόδου
1001 3449 1136 3529 ἀνωτέρω,
1158 3449 1257 3513 ταύτας
1279 3453 1325 3504 νύν

137 3557 167 3607 25
201 3549 273 3628 λέγει
293 3548 377 3613 αἰτίας
400 3548 532 3608 εἶναικαὶ
550 3553 597 3604 τού
618 3548 657 3624 μὴ
678 3546 927 3624 ἀναμιμνῄσκεσθαι
946 3546 1059 3626 ῥᾳδίως.
1077 3547 1186 3627 Ἱερῶν
1202 3545 1231 3605 δέ
1251 3548 1326 3604 είπεν

204 3629 295 3720 ἐπειδὴ
316 3649 401 3727 ίεροῖς
421 3647 465 3703 καὶ
484 3646 641 3726 ἀνακτόροις
660 3645 705 3703 καί
724 3644 829 3711 ἀδύτοις
849 3646 933 3724 ἁγίοις
954 3647 1092 3714 ἀπεικάζει
1114 3643 1202 3704 ἐκεῖνα
1214 3647 1248 3703 τά
1263 3646 1328 3704 3εά-

206 3768 287 3822 ματα.

937 3885 943 3918 ι

236 4009 252 4058 9
269 4010 385 4074 ἀνωτέρω
402 4003 510 4056 21901)

239 4143 286 4194 NG
302 4143 317 4192 2
330 4141 373 4193 τὸν
388 4141 463 4193 αὐτόν
476 4167 506 4177 -
519 4139 532 4188 3
548 4141 648 4191 ἐκείνων
664 4138 813 4191 ο111.[)ΕΜ
878 4141 892 4190 3
909 4137 988 4206 κάτω]
1003 4135 1069 4190 οὕτω
1085 4135 1138 4190 ΕΜ
1203 4137 1240 4206 δέ]
1256 4138 1286 4202 δὴ
1300 4135 1328 4188 M

268 4217 283 4265 4
304 4209 538 4280 κατακρατήσασαι]
563 4223 662 4260 «num
687 4210 915 4277 ἀκρατήσασαιθυ
940 4215 997 4260 Λετ
1067 4213 1081 4261 5
1105 4210 1235 4277 διανοητὰ]
1254 4211 1331 4274 νοητά

209 4287 287 4338 DEM
304 4304 317 4334 (ι
332 4282 512 4336 scribendam
527 4285 645 4346 διανόητα
661 4301 673 4330 ιι
689 4287 748 4333 As‘l'
810 4281 825 4332 6
842 4285 961 4346 θιανόητα
977 4283 1005 4334 Μ
1071 4283 1218 4347 διαιτητῶν]
1235 4290 1331 4345 νοητῶν

210 4357 289 4408 DEM
311 4353 521 4406 «scribendum
542 4353 681 4418 θιανοήτων
697 4371 709 4401 ιι
732 4358 791 4406 Aer
851 4353 866 4404 7
884 4353 1032 4420 ἀνάγεσθαι]
1052 4353 1171 4420 ἀνάγεται
1192 4355 1253 4404 At:
1276 4367 1332 4404 0111.

211 4429 289 4480 DEM
353 4429 381 4479 τὸ
403 4427 429 4479 δέ
450 4439 504 4479 om.
530 4424 566 4474 A*
631 4429 728 4491 βλέπων
749 4426 792 4490 μέν
816 4429 839 4476 Α
902 4422 1143 4492 8προθυμούμενος
1167 4426 1210 4489 μέν
1235 4430 1271 4476 ΑΙ

210 4493 354 4552 θείπενΜ
418 4496 561 4565 ούΙμὴΑΙ
625 4495 855 4562 θννάμενοιῦΕΜ
920 4497 1179 4558 11ώς,ώιιιοι.λ
1242 4498 1272 4546 15
1286 4515 1334 4548 κα-

211 4572 297 4640 θάπερ,
316 4592 332 4623 κ
348 4570 421 4620 rubr.
442 4573 466 4620 Α
531 4567 561 4618 16
578 4572 656 4620 ταῦτα
668 4579 721 4618 0111.
740 4568 817 4618 DEM
883 4568 961 4620 18τά
980 4577 1044 4620 ante
1066 4570 1183 4636 ἀνωτέρω
1205 4577 1260 4619 om.
1280 4566 1333 4618 EM

274 4643 335 4696 σίων
350 4655 386 4693 ex
403 4636 457 4693 οίον
472 4639 505 4690 A¹
570 4641 629 4703 ἡμῖν
644 4642 723 4698 αἴτιος
743 4639 798 4690 MD
865 4639 895 4690 19
916 4640 1057 4693 αύτοιιαλδν
1077 4642 1105 4692 Μ
1171 4641 1201 4690 23
1219 4641 1285 4701 οίίτι,
1305 4639 1336 4691 ού

211 4715 285 4768 rubr.
305 4720 330 4767 Α
392 4713 423 4764 25
441 4711 474 4778 μὴ
494 4711 556 4762 add.
577 4723 661 4775 supra
679 4721 791 4762 versum
809 4711 843 4762 Α1
909 4712 1001 4784 ῥᾳδίως
1020 4727 1074 4764 om.
1091 4713 1120 4763 M
1185 4712 1211 4765 δέ
1229 4725 1284 4764 om.
1301 4713 1337 4764 A·

273 4787 305 4840 26
322 4787 478 4852 ἀνακτορίοις
497 4783 524 4834 Μ
591 4777 699 4848 ἀδύτοις]
716 4783 800 4843 ἀλλοις
814 4788 865 4842 τοῖς
885 4784 922 4834 A·
1354 4795 1356 4800 ·
