3604 5690
437 677 484 726 2⁴6
820 671 960 722 ΕΡΜΕΙΟΥ
980 671 1176 724 ΦΙΛΟΣΟΦΟΥ

340 828 406 895 [1951
440 823 512 896 αἰπλῆ
534 825 551 896 ί,
572 824 708 894 σίνθετος,
728 825 773 882 καί
794 826 816 882 εί
836 823 1018 898 σ·1νθετος,ὲκ
1035 825 1120 882 ποίων
1134 827 1179 882 καί
1192 827 1285 883 πόσων
1305 831 1396 906 μερῶν
1411 826 1560 906 σίγκειται·

437 923 479 980 ὅτι
500 923 529 980 ίκ
549 929 641 1002 τριῶν·
665 922 777 1002 λογικοῦ
796 929 916 998 Βυμικυῦ
936 923 1143 999 ἐπιθυμητικοῦ·
1163 926 1258 982 καὶτὸ
1277 923 1382 1003 λογικὸν
1403 927 1453 982 ὑπὸ
1475 927 1563 982 ποίων

439 1021 528 1098 λόγων
554 1021 731 1101 εθρραίνεται,
758 1022 798 1078 ὅτι
823 1022 873 1079 ὑπδ
896 1027 951 1078 τῶν
975 1029 1165 1102 Βεωρητικῶν·
1190 1024 1220 1080 τὸ
1244 1022 1273 1080 δὲ
1296 1022 1488 1098 ἐπιθυμητικὸν
1510 1025 1561 1080 ὑπὸ

437 1119 547 1178 τοιῶνδε
561 1123 606 1188 καί
618 1121 651 1177 τὰ
665 1128 786 1181 τοιαῦτα.
803 1156 843 1164 -
856 1121 891 1176 ri
907 1117 1046 1202 δετέχνη
1063 1119 1105 1177 διίι
1120 1120 1227 1202 τέχνης.

392 1287 407 1336 5
478 1267 548 1331 σκῶ.
572 1271 680 1329 Ἔσται
702 1270 735 1330 δέ
755 1294 815 1330 που
838 1275 926 1355 ψυχὴ
949 1272 1059 1357 τοῦτο]
1083 1275 1141 1334 270
1165 1274 1202 1333 Ε.

478 1408 580 1490 ’Ὠσπερ
600 1409 656 1467 ἐκεῖ
670 1409 713 1466 ἐπί
728 1415 779 1486 τῇς
795 1411 915 1488 ίατρικῆς
930 1413 1009 1483 σῶμα
1024 1411 1047 1484 ᾦ
1060 1411 1208 1492 προσέφερε
1224 1411 1257 1467 τοί
1275 1411 1413 1492 φάρμακα,
1431 1413 1517 1476 οὕτως
1535 1410 1563 1467 ἐν

438 1511 472 1583 τῇ
497 1507 625 1587 ῥητορικῇ
647 1510 721 1589 ψυχὴ
744 1509 762 1586 ᾗ
784 1507 958 1588 προσοίσει
978 1507 1055 1573 τοὺς
1078 1506 1214 1588 λόγους.
1236 1545 1275 1554 -
1296 1509 1421 1568 Οὐκοῦν
1442 1508 1563 1584 τ’ίμελλα

439 1604 522 1684 αὐτῷ
541 1606 625 1663 πᾶσά
642 1606 713 1663 ἐστιν
732 1605 776 1662 ίπί
794 1612 831 1684 τῷ
845 1606 948 1663 πειθὼ
964 1605 1114 1680 ἐμποιῆσαι
1132 1612 1167 1683 τῇ
1184 1611 1273 1689 ψυχῇ,
1290 1610 1329 1673 ῶς
1345 1608 1401 1666 ἐκεῖ
1415 1609 1513 1687 ὑγίειαν
1526 1613 1563 1686 τῷ

439 1703 555 1778 σώματι·
577 1704 665 1783 ὥσπερ
685 1701 732 1761 οὖν
753 1703 784 1761 οὗ
804 1711 880 1762 ποιεῖ
900 1703 1003 1782 ὑγίειαν
1019 1706 1056 1780 μὴ
1072 1705 1233 1785 προσφόρους
1248 1703 1347 1763 ’ἕκαστα
1362 1706 1561 1786 προσενεγκὼν,

377 1813 408 1864 10
440 1803 528 1866 οὕτως
544 1802 576 1860 oi
590 1809 662 1860 ποιεῖ
676 1801 760 1860 πειθὼ
776 1805 815 1878 μὴ
831 1803 940 1867 οἰκείως
955 1803 1201 1882 προσενεγκάμενος
1216 1803 1280 1869 τοίνς
1296 1803 1404 1883 λόγους.

480 1945 551 2024 σκγ’.
576 1945 683 2017 Δῆλον
705 1944 766 2025 ἄρα
788 1945 850 2030 ὅτι]
874 1947 931 2005 271
955 1946 992 2005 Α.

481 2081 508 2138 '0
520 2079 655 2154 παραδοθς
669 2081 715 2138 οὖν
729 2080 831 2162 τέχνην
843 2082 991 2162 ῥητορικὴν
1007 2080 1094 2154 δῆλον
1110 2081 1150 2140 ὅτι
1163 2090 1260 2140 σκοπεῖ
1272 2084 1303 2140 τδ
1319 2081 1389 2149 εἶδος
1403 2091 1451 2154 τῆς
1462 2087 1562 2164 ψυχῆς,

440 2180 552 2260 πίτερον
571 2178 675 2238 ἁπλοῦν
696 2179 764 2237 ἔστιν
784 2181 802 2251 ἢ
823 2181 947 2238 σύνθετον
966 2181 1011 2237 καί
1031 2179 1207 2246 πολυειδὲς
1228 2183 1297 2238 κατὰ
1315 2182 1346 2238 τὸ
1365 2187 1413 2238 τοῦ
1435 2181 1563 2256 σώματος

384 2301 388 2307 ·
440 2276 524 2343 ιίδος.
547 2277 649 2357 τὸγὰρ
672 2275 769 2336 είδὲναι
790 2278 904 2359 πότερον
927 2279 1031 2336 ἁπλοῦν
1052 2279 1123 2336 ἐστιν
1143 2279 1161 2350 ἢ
1181 2280 1307 2337 σύνθετον
1327 2281 1372 2336 καί
1389 2280 1422 2336 τίι
1441 2283 1561 2345 τοιαῦτα,

378 2376 408 2426 15
440 2381 519 2433 τοῦτο
534 2372 633 2432 ἔστιτὸ
647 2377 697 2446 τὴν
712 2375 789 2456 φύσιν
807 2383 855 2433 τοῦ
877 2378 1044 2452 ζητουμένου
1065 2375 1170 2436 εἰδέναι.
1190 2411 1229 2421 -
1247 2379 1282 2434 Τὸ
1299 2375 1327 2434 δὲ
1346 2375 1423 2456 διδῷ
1444 2377 1498 2434 ἀντὶ
1515 2382 1563 2433 τοῦ

441 2472 589 2553 παραδιδῷ.

482 2611 549 2672 σκδ.
574 2612 733 2692 Δείτερον
754 2610 786 2668 δέ
806 2613 852 2689 γε]
876 2612 932 2669 271
957 2609 994 2669 Α.

482 2749 585 2831 Ὥσπερ
602 2750 644 2808 ἐπὶ
662 2758 711 2808 τοῦ
731 2751 858 2825 σώματος
876 2751 1027 2823 ἐσκὸπησεν
1043 2751 1094 2807 ὑπὸ
1109 2751 1192 2808 τίνων
1207 2750 1307 2831 πάσχει
1323 2753 1368 2808 καί
1387 2754 1424 2815 είς
1440 2752 1465 2808 τί
1479 2757 1564 2826 ποιεῖ,

443 2852 530 2914 οὕτως
544 2851 589 2906 καί
606 2850 648 2907 ἐπί
664 2853 756 2930 ψυχῆς
773 2849 815 2907 δεῖ
828 2857 938 2909 σκοπεῖν
953 2850 1008 2907 τίσι
1022 2851 1145 2908 πείθεται
1159 2851 1203 2907 καί
1215 2849 1286 2908 τίσιν
1299 2849 1341 2910 οὔ.

380 3001 412 3052 20
484 2997 550 3053 σκε’,
572 2992 690 3073 Τρίτον
711 2990 755 3069 δέ]
781 2993 837 3051 271
861 2992 897 3052 B.

484 3120 729 3196 Διαταξάμενον
742 3121 788 3176 καί
803 3117 930 3178 διελόντα
944 3121 977 3176 τὰ
990 3121 1072 3200 μόρια
1086 3129 1136 3192 τῆς
1150 3124 1239 3201 ψυχῆς
1253 3121 1298 3177 καί
1311 3120 1345 3177 τδι
1359 3119 1433 3196 είδη,
1451 3123 1510 3177 οἷον
1525 3120 1567 3176 ὅτι

443 3219 502 3304 ἔχει
517 3220 705 3304 ρανταστικὸν,
719 3220 850 3294 θυμικὸν,
867 3220 1004 3299 ὀρεκτικὸν
1018 3220 1063 3275 καί
1077 3220 1110 3275 τὰ
1125 3225 1249 3292 τοιαῦτα,
1265 3221 1310 3275 καί
1324 3219 1357 3276 τὰ
1368 3225 1419 3276 τῶν
1435 3218 1525 3297 λόγων
1539 3217 1566 3275 δε

444 3318 505 3392 είδη
529 3318 645 3395 ὁμοίως,
667 3319 707 3375 ὅτι
730 3319 755 3374 οί
777 3317 826 3392 μὲν
847 3317 914 3374 είσιν
933 3315 1126 3386 ἁποδεικτικοί,
1143 3319 1170 3373 οἳ
1187 3315 1215 3373 δὲ
1232 3315 1373 3384 δικανικοὶ,
1390 3319 1417 3374 οἳ
1434 3315 1462 3374 δὲ
1482 3317 1567 3395 ἐγκω-

446 3419 581 3494 μιαστικοί
596 3419 641 3473 καί
658 3417 690 3473 τὰ
709 3421 833 3490 τοιαῦτα,
850 3415 911 3472 τότε
930 3417 960 3472 τὸ
980 3415 1077 3490 ὅμοιον
1097 3421 1133 3494 τῷ
1155 3416 1246 3490 ὁμοίῳ
1265 3415 1462 3495 προσαρμόσαι·
1480 3416 1566 3471 οἷονὸ

339 3529 428 3580 1861·
445 3516 538 3598 ἅρχων
554 3517 561 3596 Ι
579 3517 644 3593 ὀπῷ
660 3516 729 3594 ὀρθῷ
750 3513 826 3592 λόγῳ
846 3515 979 3590 ίπόμενος
999 3521 1059 3577 τοῖς
1080 3512 1280 3578 ἀποδεικτικοῖς
1302 3513 1394 3592 λόγοις
1409 3512 1503 3570 ἕπεται
1520 3514 1565 3568 καί

443 3615 548 3696 χαίρει,
574 3615 588 3670 ὁ
613 3611 641 3670 δὲ
663 3613 731 3669 κατὰ
756 3611 900 3686 ἐπιθυμίαν
928 3615 981 3678 ζῶν
1003 3619 1061 3676 τοῖς
1086 3611 1247 3675 κολακικοῖς
1271 3613 1315 3668 καί
1340 3611 1566 3690 ίγκωμιαοτικοῖς

447 3712 540 3790 λόγοις
558 3710 661 3792 χαίρει.

487 3861 556 3924 σκς’.
579 3858 669 3914 Οίίτυ)
692 3857 748 3931 μὶν
772 3855 826 3913 οὖν
846 3856 937 3937 ρίλε]
961 3855 1017 3915 271
1043 3855 1078 3913 Β.

487 3999 618 4076 Οὐδαμῶς
640 4001 691 4080 γὰρ
712 3997 807 4062 ἄλλως
830 3996 1084 4074 ἐνδεικνυμένον
1111 3997 1196 4062 οὕτως
1221 3998 1316 4078 τέχνη·
1343 3995 1384 4054 δεῖ
1408 3995 1455 4054 οὖν
1479 3997 1567 4062 οὕτως

480 4198 841 4263 ΝΟ2καίὲπιθυμητικοθΜ
906 4197 1063 4248 θκαὶὸτιΜ
1128 4194 1378 4256 5ίσται,ί111111.Α
1441 4191 1568 4260 θῶσπερ]

446 4271 511 4324 ῶστε
526 4273 554 4322 Μ
620 4274 757 4338 προσέφερε
775 4269 816 4335 tic]
837 4271 1003 4336 προσφέρεται
1025 4268 1052 4317 Μ
1117 4268 1131 4316 7
1149 4267 1250 4326 οὐκοῦν,
1267 4265 1371 4316 ο111ί)1.
1389 4268 1413 4314 A
1428 4265 1464 4326 (in
1481 4277 1567 4328 marg.

447 4343 563 4408 σκγέθᾱ
574 4342 801 4402 ἀεί.)1οίι’κουν1ν1
866 4337 1026 4404 9οὺ1μὴΜ
1091 4339 1120 4388 11
1139 4341 1223 4400 δῆλον,
1234 4337 1383 4400 &imbrii
1449 4337 1479 4384 15
1495 4340 1568 4386 τοῦτο

446 4413 508 4478 im]
524 4415 597 4464 τοῦτο
617 4417 668 4463 ἐστι
684 4416 727 4461 A:
743 4415 854 4462 τουτέστι
873 4411 901 4460 Μ
968 4409 996 4459 17
1015 4405 1138 4474 δεύτερον,
1157 4411 1170 4459 δ
1188 4408 1262 4458 rubr.
1283 4409 1306 4456 Α
1369 4405 1401 4456 18
1421 4411 1501 4456 ποιεῖν
1521 4405 1568 4454 ΑΕ

509 4483 539 4535 19
556 4485 595 4535 δεῖ
613 4497 647 4533 ex
663 4487 712 4535 τίσι
729 4483 792 4532 iaci.
808 4483 841 4532 A*
857 4487 887 4531 111
900 4480 1009 4531 videtur
1072 4480 1103 4529 20
1123 4483 1212 4546 τρίτον.
1232 4498 1245 4529 τ
1267 4478 1340 4528 rubr.
1365 4479 1389 4526 Α
1453 4475 1483 4526 21
1504 4475 1568 4542 τότε]

446 4559 501 4607 τόδε
524 4556 551 4604 Μ
618 4559 631 4605 ὁ
652 4567 706 4604 om.
728 4555 756 4603 M
821 4553 852 4604 28
868 4553 943 4608 οὕτω,
967 4552 996 4603 οίι
1020 4551 1094 4602 rubr.
1117 4555 1141 4600 A
1166 4547 1507 4612 (οὓτωθ111111Ρ111.οο<1.
1536 4547 1569 4609 B,

447 4617 515 4679 οὗτοι
530 4626 589 4677 cod.
606 4626 639 4685 T,
654 4627 723 4678 οὔτοι
735 4624 798 4676 edd.
810 4631 837 4675 et
849 4627 877 4675 M
892 4623 940 4675 sed
952 4624 988 4674 ο1.
1000 4621 1107 4689 ριοῑομ.
1119 4636 1144 4686 p¹
1159 4635 1222 4683 x1x;
1237 4621 1345 4684 legebat
1354 4620 1475 4683 protecto
1487 4631 1569 4682 nega-

445 4699 549 4750 tionem
573 4697 708 4757 Hermias)
782 4691 878 4762 ὤφελε
899 4696 968 4746 Plan.
1038 4695 1069 4744 29
1085 4690 1272 4756 ἐνδεικνύμενον
1299 4691 1395 4754 scripsi
1417 4703 1453 4741 ex
1477 4690 1567 4740 Plat.:

446 4771 633 4832 ἐνθεικνυμίνην
655 4771 711 4818 1111
735 4770 907 4832 ίνδτικννμίνη
926 4767 954 4818 Μ
1020 4769 1094 4842 τίχνη
1118 4765 1213 4832 scripsi
1234 4775 1269 4812 ex
1292 4761 1355 4814 edd.
1379 4762 1469 4815 Plan:
1493 4763 1567 4832 τέχνη

448 4838 510 4892 libri
523 4841 620 4905 (τέχνην
634 4841 680 4901 A1)
