3538 5686
661 603 908 654 rnouuuounur
1258 577 1261 586 '
1290 617 1345 651 mr

227 768 363 844 perenis,
381 769 501 829 videbis
517 791 553 828 ex
568 783 654 830 tanto
670 791 800 831 numero
815 770 1036 830 nullamtamen
1052 768 1163 829 editori
1176 767 1347 826 molestiam

226 873 322 932 nasci.
337 875 560 936 Praetermissis
576 878 656 936 enim
674 876 882 950 codicibusH,
898 876 965 953 h,J,
981 876 1019 950 K,
1043 897 1074 948 n,
1092 874 1130 949 0,
1147 874 1179 948 S,
1198 875 1234 945 T,
1252 874 1291 945 U,
1307 873 1344 946 X,

225 979 263 1055 Y,
281 983 316 1052 Z,
329 985 367 1042 de
383 985 496 1064 quibus
511 986 689 1066 percontari
707 985 780 1043 mihi
792 1005 894 1065 operae
908 985 1042 1064 pretium
1064 1003 1126 1042 nou
1151 1002 1220 1041 esse
1246 981 1347 1040 visum

225 1104 284 1161 est,
303 1113 445 1173 quosque
459 1115 548 1153 nemo
562 1095 621 1154 erit
636 1096 689 1174 qui
700 1098 865 1155 contendat
889 1095 1077 1175 quantulivis
1107 1096 1252 1154 momenti
1278 1115 1347 1154 esse

224 1199 256 1256 in
272 1212 355 1259 textu
371 1202 582 1260 commentarii
610 1203 708 1261 nostri
725 1204 927 1278 recensendo,
941 1224 1021 1262 nunc
1038 1203 1075 1260 22
1096 1203 1219 1262 codices
1236 1223 1348 1282 super·

225 1321 307 1366 sunt.
324 1307 371 1367 Ex
385 1309 498 1388 quibus
514 1311 552 1369 de
569 1309 595 1367 D
613 1323 643 1368 et
659 1309 682 1368 E
704 1311 820 1370 nullum
846 1312 972 1372 dubium
995 1312 1070 1390 quin
1093 1312 1244 1392 originem
1269 1331 1306 1369 ex
1321 1310 1348 1369 A

224 1419 350 1487 ducant,
367 1418 460 1497 idque
473 1419 528 1478 tibi
545 1441 581 1477 ex
597 1420 705 1498 quavis
727 1421 893 1480 lectionum
919 1441 996 1500 quas
1021 1441 1055 1479 ex
1077 1421 1115 1480 iis
1134 1421 1220 1480 attuli
1236 1441 1347 1500 oppro-

223 1525 324 1587 babis.
351 1525 397 1583 De
414 1523 449 1602 L,
466 1525 487 1594 l,
500 1525 518 1582 l’
535 1526 604 1584 vide
624 1546 691 1605 quae
711 1527 774 1585 dixi
800 1547 894 1606 supra
910 1541 939 1587 et
959 1548 1025 1606 quae
1042 1527 1115 1586 mihi
1131 1527 1260 1586 contulit
1279 1525 1347 1586 Pis-

225 1629 301 1687 teili.
320 1629 453 1690 Codices
470 1631 494 1689 B
511 1633 554 1710 (et
567 1630 615 1710 F),
629 1631 652 1689 C
666 1631 709 1710 (et
724 1631 906 1705 (2¹)‚deinde
918 1633 957 1701 G,
974 1631 1004 1690 M
1022 1632 1065 1710 (et
1076 1632 1129 1710 m),
1149 1635 1174 1694 P
1190 1632 1229 1711 (et
1244 1652 1276 1711 p,
1291 1631 1346 1710 ρ’),

223 1736 359 1815 denique
375 1739 539 1817 separatim
557 1738 581 1804 1,
598 1739 636 1808 Ν,
654 1739 681 1796 R
701 1739 742 1816 (et
758 1739 797 1814 ri,
814 1756 922 1796 omnes
937 1756 954 1795 a
969 1734 995 1793 V
1011 1735 1075 1816 (aut
1089 1736 1119 1814 v)
1136 1735 1184 1793 vel
1201 1734 1285 1793 nullo
1300 1734 1349 1793 vel

224 1865 287 1903 uno
305 1846 352 1904 vei
379 1846 522 1925 pluribus
539 1845 709 1927 interjectis
733 1845 925 1926 antigraphis
948 1845 1137 1903 descendere
1161 1840 1225 1922 jam
1255 1860 1349 1926 supra

224 1953 468 2011 demonstratum
483 1967 541 2014 est.
555 1953 630 2012 Mihi
647 1953 770 2012 codices
786 1951 961 2012 Marcianos
973 1952 1114 2009 conferre
1130 1969 1191 2017 non
1207 1947 1347 2027 contigit.

226 2056 288 2118 Sed
304 2079 372 2117 cum
401 2079 491 2118 nemo
514 2079 614 2137 neque
644 2058 831 2118 dubitaverit
853 2077 953 2136 neque
980 2057 1122 2118 dubitare
1151 2055 1254 2134 possit
1274 2053 1349 2132 quin

225 2185 332 2224 eorum
354 2166 534 2246 apographa
554 2165 590 2240 B,
609 2165 632 2224 C
658 2180 688 2227 et
701 2167 744 2244 M,
762 2187 824 2226 non
844 2166 967 2226 aliunde
992 2165 1144 2242 originem
1160 2165 1273 2222 ducant
1288 2161 1349 2219 nisi

225 2294 262 2332 ex
278 2274 426 2333 codiceA
449 2274 545 2354 (quod
566 2275 759 2335 manifestum
780 2295 930 2355 apparere
953 2273 1072 2333 videbis
1090 2272 1142 2330 ubi
1163 2290 1251 2330 unam
1275 2289 1349 2328 nos·

226 2394 281 2440 trae
305 2381 450 2440 editionis
481 2381 624 2461 paginam
651 2381 849 2462 inspexeris),
879 2393 974 2440 restat
989 2378 1142 2440 utVetv
1166 2391 1196 2437 et
1215 2379 1236 2436 ii
1265 2377 1349 2436 abA

226 2490 428 2549 descendant.
447 2489 563 2571 Reipsa
586 2491 682 2571 igitur
695 2492 791 2550 codex
821 2490 983 2550 Parisinus
1013 2491 1090 2548 1810
1112 2487 1247 2548 omnium
1273 2487 1348 2547 Her·

227 2597 398 2655 mianorum
410 2597 549 2655 codicum
566 2597 812 2677 archetypuscst
828 2597 986 2656 habendus
1005 2620 1011 2654 :
1028 2597 1112 2675 quod
1132 2608 1239 2654 noster
1258 2615 1347 2675 appa-

226 2715 311 2761 ratus
327 2703 465 2774 criticus,
485 2716 518 2761 ut
533 2723 638 2782 spero,
660 2705 750 2762 etiam
766 2705 821 2762 tibi
845 2703 960 2763 certius
988 2703 1089 2772 saciet,
1106 2703 1196 2761 modo
1223 2703 1254 2761 in
1276 2721 1350 2782 per-

225 2809 394 2888 pensandis
407 2809 591 2870 lectionibus
606 2809 663 2869 hoc
680 2811 867 2882 memineris,
886 2831 950 2870 earu
965 2829 1033 2868 esse
1049 2808 1166 2868 codicis
1182 2807 1209 2866 Α
1228 2829 1349 2869 manum

226 2933 259 2978 ut
280 2939 375 2978 scum
390 2942 421 2990 η,
444 2943 462 2991 η
479 2939 578 2978 cumr
600 2919 770 2999 sepissime
788 2920 934 2980 contundi
955 2919 1101 2998 possint;
1124 2919 1235 2979 deinde
1256 2919 1350 2978 multa

225 3023 384 3106 verbajam
396 3045 464 3084 cum
480 3025 927 3105 primaapographadescripta
939 3039 1011 3085 sunt
1022 3026 1183 3086 evanuisse
1197 3049 1204 3098 ;
1216 3026 1349 3105 denique

226 3152 446 3211 nonnunquam
461 3133 501 3211 (e.
518 3153 552 3212 g.
581 3133 628 3201 16,
646 3133 684 3202 43
709 3135 777 3204 159,
789 3134 839 3212 26)
859 3136 953 3193 verba
973 3153 990 3192 a
1006 3133 1119 3194 ceteris
1138 3134 1254 3194 omissa
1276 3133 1306 3192 in
1323 3133 1350 3192 A

226 3259 316 3298 unam
329 3240 439 3299 lineam
451 3241 654 3302 constituere.

268 3346 417 3407 Codicum
434 3347 491 3407 hoc
507 3361 633 3408 stemma
656 3351 787 3421 confeci,
807 3353 890 3428 quod
905 3371 965 3409 non
981 3373 1086 3412 verum
1103 3374 1171 3412 esse
1188 3355 1243 3416 sed
1266 3353 1350 3412 veri·

226 3456 416 3514 simillimum
432 3459 596 3516 contendo.
