3604 5690
451 627 498 681 ηε
837 619 977 673 ενιιειιιι·
998 621 1195 674 οιιοεοοοι·

352 785 360 854 Ι
366 783 421 852 180]
453 777 484 836 τί
498 773 596 835 ἔστιν·
608 774 696 843 οὐδεὶς
709 777 761 858 γάρ
775 780 850 851 ζητεῖ
865 781 888 836 εῖ
900 775 969 838 ἔστιν
983 779 1123 861 ἅνθρωπος
1137 779 1181 838 διὰ
1192 781 1222 838 τό
1238 779 1357 861 όναργῖς,
1369 778 1442 838 ἀλλὰ
1456 780 1481 838 τί
1492 775 1573 837 ἔστιν·

452 875 495 935 ἐπί
512 874 541 935 δὲ
559 880 612 933 τῶν
633 875 671 952 μή
691 876 811 956 ῖναργιῖιν
834 877 964 951 ζητητέον
982 879 1029 936 καί
1049 879 1081 938 τό
1102 880 1130 938 εί
1150 875 1249 938 ἔστιν·
1274 877 1360 945 οόδιῖε
1380 881 1431 960 γάρ
1451 877 1526 956 λέγει
1543 877 1577 935 τί

453 971 521 1033 ἔστι
540 971 684 1050 σκινδαψὸς
703 975 764 1054 πρὶν
780 978 877 1050 μαθεῖν
897 977 927 1032 τὸ
948 978 976 1034 εῖ
992 972 1091 1038 ἔστιν.
1112 975 1173 1034 Ἐπὶ
1192 976 1221 1035 ab
1239 983 1294 1034 τῶν
1312 979 1454 1047 συνθέτων,
1475 975 1517 1058 θιρ’
1536 979 1576 1033 ιῖιν

453 1071 525 1131 ἄλλο
546 1069 634 1130 ἄλλου
652 1075 852 1154 κατηγορεῖται,
870 1075 1000 1148 ζητητέον
1018 1078 1048 1132 τό
1070 1075 1121 1133 ότι
1142 1073 1240 1146 ἔστιν,
1265 1075 1314 1133 εἴθ’
1333 1075 1404 1133 οθτω
1425 1077 1456 1133 τό
1478 1075 1573 1132 διότι·

406 1182 421 1229 5
454 1175 513 1230 οἷον
533 1169 575 1228 ότι
594 1169 663 1227 ἔστιν
679 1167 809 1248 ἔκλειψις·
827 1174 845 1245 ἡ
863 1173 914 1252 γάρ
930 1169 1053 1250 ἔκλειψίς
1068 1175 1139 1239 τινός
1156 1173 1225 1232 ἐστιν
1239 1171 1369 1251 ἔκλειψις·
1386 1174 1516 1254 πρότερον
1529 1173 1576 1230 οὗν

454 1267 551 1327 εἰδέναι
569 1265 610 1326 δεῖ
630 1267 679 1325 ότι
695 1271 712 1341 ἡ
731 1267 830 1341 σελήνη
847 1269 977 1344 ἐκλείπει,
995 1271 1045 1330 εἶθ’
1059 1273 1130 1330 οὕτω
1149 1274 1194 1330 καὶ
1213 1270 1266 1330 διὰ
1282 1273 1313 1330 τί
1334 1271 1462 1331 ἐκλείπει.
1480 1271 1535 1352 Πρὸ
1550 1270 1578 1328 δε

454 1374 509 1425 τῶν
532 1368 667 1446 τεσσάρων
686 1368 787 1424 τούτων
809 1365 873 1426 ἄλλο
895 1368 965 1426 ἐστὶν
985 1372 1000 1426 θ
1022 1368 1062 1428 δεῖ
1085 1373 1188 1444 ζητεῖν,
1211 1372 1241 1428 τὸ
1262 1371 1289 1428 τό
1312 1369 1440 1446 σημαίνει
1461 1370 1525 1426 αὐτὸ
1547 1371 1577 1426 τὸ

454 1463 553 1539 ὄνομα.
570 1465 619 1520 Καὶ
633 1465 648 1520 ό
662 1463 810 1545 ριλόσορος
826 1464 873 1522 οὗν
887 1465 1002 1523 Πλάτων
1016 1473 1123 1547 πρῶτον
1139 1465 1229 1536 δείξας
1247 1469 1288 1526 ότι
1302 1467 1344 1526 δεῖ
1360 1468 1519 1548 συγγράφειν
1536 1466 1578 1524 διά

453 1568 508 1620 τῶν
534 1562 659 1642 ἆνωτόρω
685 1560 747 1620 ἔνθα
773 1563 839 1644 ρησί
869 1586 883 1618 ιι
903 1569 1000 1622 τοῦτο
1028 1565 1085 1640 μὶν
1110 1565 1169 1645 ἄρα
1197 1568 1293 1623 παντί
1317 1564 1418 1638 δῆλον
1444 1565 1494 1623 ότι
1520 1565 1579 1622 οὐκ

391 1667 423 1719 10
455 1659 593 1743 αίσχρόν
612 1681 649 1740 γε
668 1661 745 1718 αὐτό
765 1682 801 1740 γε
818 1661 853 1718 τό
873 1661 1015 1742 γράρειν
1034 1662 1157 1742 λόγους
1175 1687 1211 1735 ν,
1226 1662 1319 1722 ἔπειτα
1333 1669 1392 1729 πῶς
1406 1661 1449 1722 δεῖ
1464 1662 1579 1742 συγγρά·

453 1779 512 1841 ρειν
534 1758 580 1814 καὶ
603 1758 653 1823 τῖς
675 1760 690 1815 ό
710 1759 830 1840 τρόπος
850 1765 906 1818 τοῦ
927 1759 1035 1826 καλῶς
1056 1761 1195 1841 γράρειν
1217 1763 1262 1820 καί
1281 1760 1370 1842 λίγειν
1391 1762 1436 1819 καὶ
1461 1763 1512 1836 μὴ,
1537 1757 1580 1816 δι-

455 1855 546 1916 δάσκει
566 1855 778 1939 καθολικώτερον
801 1859 847 1915 καί
872 1857 1151 1940 ῖπιστημονικώτερον
1174 1861 1338 1940 ποιούμενος
1359 1861 1391 1918 τὸ
1414 1855 1579 1940 πρόθλημα,

458 1957 527 2031 μετὰ
543 1955 573 2012 τὸ
590 1963 677 2012 πᾶσαν
695 1957 746 2028 τήν
762 1956 851 2038 ἀρχὴν
870 1962 918 2014 τοῦ
935 1956 1017 2035 λόγου
1036 1957 1080 2014 ἐπὶ
1094 1959 1142 2023 τάς
1157 1958 1265 2025 Μούσας
1281 1959 1326 2015 καῖ
1340 1957 1404 2021 τοῖς
1419 1957 1502 2022 θεοὺς
1517 1957 1581 2014 άνε-

458 2061 572 2136 νεγκεῖν·
589 2054 678 2134 ὥσπερ
696 2053 725 2112 δὲ
738 2061 777 2130 τῷ
791 2055 884 2112 κανόνι
900 2057 931 2113 τὸ
946 2054 1106 2136 διάστροφον
1119 2056 1240 2137 κρίνεται
1257 2059 1302 2114 καὶ
1320 2061 1354 2132 τῇ
1372 2058 1439 2136 ὀρθῇ
1458 2056 1489 2112 τὸ
1507 2056 1581 2134 παρά

395 2162 426 2212 15
457 2155 508 2226 τὴν
527 2155 621 2234 όρθην,
641 2155 687 2211 τὸν
705 2154 785 2212 αὐτὸν
803 2153 902 2234 τρόπον
922 2155 1013 2236 ὥσπερ
1030 2155 1067 2220 είς
1086 2154 1188 2213 κανόνα
1202 2153 1318 2226 ἀνῆλθεν
1335 2152 1515 2234 θριλόσορος
1531 2155 1581 2224 τὴν

362 2277 387 2328 p.
396 2260 441 2314 181
459 2251 596 2326 άληθειαν,
613 2253 631 2328 ᾖ
647 2253 691 2310 καὶ
705 2253 738 2310 τά
755 2252 761 2331 Ι
779 2251 862 2328 ὅμοια
875 2253 921 2310 καὶ
935 2253 968 2309 τά
984 2249 1195 2332 παρηλλαγμένα
1210 2253 1351 2333 κρίνομεν·
1369 2253 1455 2316 οὕτως
1473 2247 1582 2330 όιρείλει

460 2355 475 2409 ὁ
489 2352 581 2432 ῥητωρ
595 2351 696 2409 κανόνα
710 2346 783 2432 ἔχειν
797 2352 827 2409 τὸ
841 2347 954 2422 άληθός.

501 2517 570 2598 ρκγ’.
595 2515 664 2598 'up'
686 2515 742 2576 οὖν
764 2519 824 2600 οάχ
847 2520 1005 2600 ὑπάρχειν
1027 2517 1088 2600 δεῖ]
1111 2520 1169 2578 259
1192 2519 1228 2578 E.

501 2675 573 2750 Ὅτι,
588 2679 678 2759 ρησῖν,
695 2677 722 2734 ἐν
735 2683 773 2756 τῷ
787 2676 876 2742 καλῶς
891 2677 978 2757 λέγειν
990 2677 1008 2748 ἢ
1022 2677 1134 2759 γράρειν
1145 2679 1325 2757 προηγεῖσθαι
1338 2675 1378 2734 δεῖ
1392 2679 1442 2747 τὴν
1452 2675 1583 2747 ἀληθειαν

398 2787 430 2840 20
459 2778 504 2834 καὶ
516 2778 568 2848 την
581 2780 682 2854 γνῶσιν
694 2782 741 2833 τσιῖ
755 2777 926 2856 πράγματος.
944 2775 973 2832 “0
985 2777 1036 2856 γάρ
1052 2778 1091 2859 μῄ
1107 2773 1188 2840 εῖδὼς
1202 2775 1233 2833 τό
1248 2774 1345 2848 άληθῖς
1360 2779 1408 2832 τοῦ
1424 2774 1582 2853 πράγματος

460 2873 551 2934 είκθτα
565 2873 637 2953 λέγει
650 2875 712 2954 περὶ
727 2875 820 2935 αὐτοῦ.
837 2873 898 2931 Ὅτι
913 2872 942 2931 δὲ
958 2872 1001 2931 δεῖ
1013 2879 1112 2952 γνῶσιν
1126 2870 1200 2954 ἔχειν
1218 2879 1272 2930 τῶν
1291 2871 1447 2952 λεγομὲνων
1466 2871 1511 2928 καὶ
1528 2876 1583 2926 τῶν

460 2973 625 3054 πραγμάτιον
644 2973 723 3038 αὐτὸς
738 2971 793 3045 ἤδη
809 2965 910 3038 ἐδίδαξε
927 2971 1013 3050 λόγων
1035 2997 1049 3026 ιι
1066 2971 1139 3052 περί
1159 2972 1283 3035 παντὸς
1303 2969 1326 3026 ὦ
1346 2975 1404 3028 παῖ
1425 2968 1484 3044 μία
1503 2969 1582 3048 άρχὴ

462 3069 587 3129 είδόναι
609 3071 682 3150 περί
704 3071 741 3128 οὗ
765 3073 779 3128 ὁ
803 3069 889 3150 λόγος
913 3070 932 3141 ἢ
956 3072 1074 3134 παντὸς
1097 3070 1297 3150 ἁμαρτάνειν
1319 3067 1455 3145 ἀνάγκη.
1477 3091 1491 3120 ιι
1518 3066 1584 3146 Τρία

462 3167 509 3226 σόν
524 3168 655 3251 ὑπάρχειν
673 3166 814 3240 <δεῖν>
830 3167 938 3247 λέγεται
954 3174 1012 3233 τοῖς
1031 3167 1154 3247 λίγουσιν
1174 3168 1191 3239 ἢ
1210 3167 1350 3248 γράρουσι·
1373 3169 1482 3244 πρῶτον
1498 3164 1529 3221 τὸ
1550 3164 1585 3220 εῖ-

401 3280 431 3331 25
463 3267 535 3328 δίναι
553 3267 584 3326 τό
600 3267 711 3340 άληθίς·
732 3265 856 3347 δεθτερον
875 3265 904 3324 δὲ
922 3267 952 3324 τό
971 3265 1094 3324 δόνασθαι
1111 3265 1168 3348 [τό]
1183 3267 1213 3324 ἓν
1232 3265 1324 3324 πολλά
1338 3270 1433 3330 ποιεῖν,
1452 3263 1516 3342 ὅπερ
1531 3259 1585 3318 ἔστι

463 3375 513 3440 τῆς
532 3364 693 3448 διαιρετικῆς
713 3364 841 3442 μεθόδου,
861 3366 891 3422 τό
911 3363 1007 3423 εῖδίναι
1028 3365 1051 3423 εί
1072 3366 1154 3446 τόχοι
1175 3365 1242 3421 κατά
1262 3363 1354 3420 πόσων
1376 3361 1586 3437 σημαινομένων

463 3463 568 3543 λόγτται
581 3465 612 3520 τὸ
627 3463 804 3545 προκείμενον
818 3469 941 3544 πρᾶγμα,
958 3463 1072 3543 πότερον
1087 3462 1236 3539 ὁμώνυμον
1253 3461 1271 3532 ἢ
1287 3459 1454 3533 συνώνυμον,
1469 3456 1584 3536 πότερον

464 3563 537 3642 γόνει
550 3561 579 3620 ἓν
594 3562 612 3633 ἢ
628 3559 691 3620 εῖδει
709 3563 753 3620 καὶ
767 3562 799 3618 τά
811 3561 904 3637 όμοια·
918 3559 959 3618 δεῖ
972 3558 1018 3618 οὗν
1028 3561 1074 3617 καί
1087 3558 1247 3640 διαιρετικὸν
1259 3559 1337 3617 εἶναι·
1351 3556 1441 3636 τρίτον
1453 3555 1486 3612 τά
1498 3551 1585 3611 πολλά

464 3661 501 3726 είς
515 3661 544 3718 ἓν
557 3665 726 3740 συναγαγεῖν,
743 3660 807 3741 όπερ
821 3657 877 3718 ἔστι
888 3667 939 3732 τῆς
955 3657 1118 3731 ἀναλυτικῆς
1132 3661 1176 3716 καί
1190 3659 1339 3739 θρισσικῆς·
1356 3654 1385 3713 τό
1399 3653 1449 3734 γάρ
1461 3651 1585 3711 δόνασθαι

402 3773 433 3823 30
462 3761 497 3818 τά
507 3757 602 3818 πολλά
617 3759 656 3816 ἑνὶ
670 3755 746 3838 λόγῳ
760 3754 919 3838 περιλαόεῖν
930 3757 1043 3837 ὁρισμός
1057 3756 1112 3814 ἐστι
1126 3761 1173 3814 τοῦ
1187 3757 1355 3836 πράγματος·
1372 3749 1466 3810 ἔπειτα
1478 3751 1522 3808 καί
1537 3751 1587 3820 την

465 3859 601 3931 συνθήκην
619 3862 666 3915 τοῦ
686 3855 831 3936 λόγουκαὶ
849 3858 900 3928 τὴν
920 3853 1088 3936 εόπρίπειαν·
1107 3856 1139 3913 τό
1155 3857 1206 3935 γάρ
1224 3852 1278 3911 δεῖν
1295 3853 1436 3933 πρόσρορα
1457 3851 1502 3907 καὶ
1518 3848 1588 3923 σάμ-

466 3976 542 4037 ριονα
563 3961 621 4018 τοῖς
646 3961 725 4018 θεοῖς
747 3953 835 4034 λέγειν
856 3975 885 4012 τε
906 3953 951 4011 καίΙ
971 3953 1080 4035 γράρειν
1103 3951 1293 4029 ὡμολόγηται.
1316 3954 1404 4006 Ταῦτα
1425 3945 1472 4004 οὗν
1496 3945 1587 4025 ὥσπερ

498 4215 515 4264 9
531 4216 648 4282 άνωτίρω
661 4212 710 4266 258
724 4212 748 4262 D
811 4211 842 4262 22
859 4209 906 4276 ἤδη
920 4210 967 4262 237
986 4210 1007 4260 Β

503 4346 550 4397 Nc
569 4346 624 4397 ιιι
642 4343 730 4407 priore
749 4340 811 4392 Ιοαο
829 4353 883 4392 om.
902 4339 930 4390 M
951 4337 1018 4402 (iam
1036 4337 1126 4391 addid.
1148 4339 1216 4402 Αετ)
1279 4337 1440 4400 Numerios
1460 4336 1496 4383 Α·
1559 4328 1592 4396 τί]

471 4418 506 4485 μὴ
527 4417 589 4467 iibri
608 4429 615 4466 ι
635 4417 657 4467 ri
676 4411 867 4478 suprascripsit
884 4425 901 4462 a
920 4410 985 4474 (iam
1005 4409 1110 4472 conius.
1131 4411 1199 4472 Asr)
1264 4404 1340 4472 λέγει]
1353 4409 1450 4473 λέγεται
1467 4402 1527 4454 E'M

471 4491 530 4542 θτὺ
546 4501 601 4538 om.
617 4488 645 4537 Μ
710 4481 821 4542 roim:
835 4486 872 4533 A*
935 4479 1094 4548 θπρότερον]
1109 4482 1213 4545 πότερον
1230 4479 1258 4528 Μ
1273 4477 1339 4541 (iam
1354 4476 1591 4534 correxeramus)

535 4560 565 4610 10
585 4576 613 4624 γε
634 4563 695 4623 pust
713 4557 819 4622 αἰσχρόν
835 4566 887 4604 om.
908 4553 937 4602 M
957 4552 1026 4602 Pisi.
1092 4553 1120 4601 11
1137 4553 1180 4601 και
1198 4548 1242 4614 μὴ]
1262 4551 1304 4600 καὶ
1325 4547 1373 4614 μὴν
1392 4551 1451 4598 Αεε
1466 4545 1515 4611 qui
1532 4545 1594 4595 baec

472 4631 558 4681 verba
573 4641 638 4680 eum
652 4625 831 4690 sequentibus
845 4623 982 4676 immerito
996 4621 1183 4687 coniungebat
1247 4622 1276 4671 15
1295 4621 1329 4680 είς
1342 4616 1447 4685 κανόνα]
1463 4619 1548 4670 εἰκόνα
1563 4615 1591 4664 Μ

458 4719 466 4732 ·
535 4700 567 4752 18
587 4695 626 4766 ἄρ’
645 4699 717 4748 rubr.
737 4702 760 4747 Α
824 4695 854 4747 22
874 4695 947 4753 αὐτὸς
964 4693 1058 4759 scripsi
1079 4707 1085 4744 ι
1107 4689 1175 4753 αὖθις
1192 4692 1254 4743 libri
1317 4691 1348 4741 2⁴
1369 4692 1421 4742 δεῖν
1440 4687 1531 4739 addidi

474 4777 504 4830 εὔ
520 4773 549 4825 ιθ
564 4771 664 4822 seclusi
1435 4775 1437 4781 ι
