3604 5690
451 664 499 716 282
832 651 975 704 ΕΡΜΕΙΟΥ
994 649 1193 700 ΦΙΛΟΣΟΦΟΥ

353 815 419 882 Ιθθθ]
493 809 568 884 σπη’.
584 815 646 869 Νῦν
664 810 702 884 δὴ
722 811 835 870 ἐκεῖνα
853 809 916 884 ἤδη
937 810 960 867 ὦ
977 807 1113 889 Φαῖδρε]
1134 811 1191 870 277
1207 809 1245 870 Α.

491 953 556 1012 Ἀπδ
569 959 625 1011 τῶν
645 953 764 1011 ίντεῦθεν
782 953 892 1029 σόνοψιν
908 951 1038 1032 βοόλεται
1056 955 1219 1024 ποιήσασθαι
1232 955 1342 1013 πόντων
1355 960 1411 1012 τῶν
1425 957 1576 1037 εἰρημένων

354 1068 379 1120 p.
388 1053 434 1106 20³
450 1051 568 1131 περὶτῆς
580 1049 725 1131 ῥητορικῆς
738 1051 837 1130 τόχνης
849 1051 855 1131 Ι
867 1049 913 1107 καί
923 1047 1184 1129 εόπρεπείαςλόγου,
1194 1049 1240 1106 καὶ
1251 1050 1495 1133 ἀνακεφαλαιοῦται
1506 1055 1574 1112 αιἰτδ

451 1149 478 1206 ἐν
496 1149 688 1229 βραχυτάτοις.
706 1171 721 1202 ιι
738 1145 846 1218 Ἐπειδὴ
863 1145 1243 1228 τοίνυνδιεπεράναμενποίφ
1259 1150 1405 1230 τέχνῃκαὶ
1426 1151 1574 1233 εόπρεπείφ

404 1251 419 1301 ⁵
451 1245 494 1305 δεῖ
506 1248 658 1328 χρήσασθαι
675 1246 722 1303 τδν
737 1245 822 1326 ὀρθῶς
842 1245 991 1326 γράφοντα,
1013 1250 1059 1302 νῦν
1079 1242 1214 1321 δυνάμεθα
1234 1253 1324 1328 κρῖναι
1341 1247 1372 1305 τό
1393 1247 1420 1306 ἐν
1437 1254 1471 1326 τῇ
1490 1247 1574 1329 λογο-

448 1345 548 1426 γραφίφ
562 1342 691 1408 όνειδος
708 1350 757 1402 τοῦ
773 1346 882 1401 Λυσίου·
899 1340 986 1415 δῆλον
999 1342 1049 1424 γὰρ
1060 1343 1103 1400 θ’τι
1114 1345 1277 1422 γιγνόμενον
1284 1345 1316 1402 τθ
1330 1353 1378 1418 τῆς
1389 1346 1574 1428 λογογραφίας

449 1443 540 1509 καθὼς
560 1445 644 1518 ἡμεῖς
667 1439 811 1518 ίξεθίμεθα
835 1441 885 1499 οὐκ
908 1438 978 1499 ἔστιν
998 1439 1115 1512 όνειδος,
1138 1441 1212 1501 άλλθ
1231 1443 1318 1502 καλὸν
1338 1445 1384 1502 καὶ
1399 1444 1512 1524 ἀγαθόν,
1532 1447 1572 1512 ὡς

450 1539 545 1606 ἄλλως
561 1538 590 1598 δδ
604 1539 726 1622 αίσχρόν.
745 1563 761 1596 ιι

490 1692 562 1756 σπθ’.
579 1694 632 1751 Ὧν
650 1692 688 1764 δὴ
707 1690 794 1774 πίρι]
819 1692 876 1751 277
898 1690 936 1750 Α.

387 1844 419 1896 1⁰
489 1845 533 1914 Τῷ
547 1840 599 1919 γάρ
614 1835 671 1895 όντι
685 1839 700 1894 θ
714 1837 837 1916 περὶτῆς
851 1835 999 1916 ῥητορικῆς
1011 1834 1093 1916 λόγος
1108 1835 1228 1896 ἐντεῦθεν
1242 1833 1343 1918 ἤρξατο
1358 1839 1411 1896 ἀπὸ
1424 1845 1474 1898 τοῦ
1486 1841 1573 1898 εἰπεῖν

449 1937 495 1994 τόν
518 1937 666 2017 Σωκράτην
687 1931 799 2014 Φαίδρῳ
819 1931 984 2008 παλινῳδίαν
1003 1935 1065 1992 ἆσαι
1086 1929 1286 2010 συμόουλιῦααι
1303 1943 1341 2017 τῷ
1355 1938 1451 2012 Λυσία,
1465 1939 1511 1995 καί
1525 1939 1572 1996 τὸν

451 2034 569 2117 Φαῖδρον
582 2035 667 2092 εἰπεῖν
681 2032 724 2091 ότι
739 2031 807 2098 ίσως
823 2031 854 2089 οῦ
868 2035 975 2106 ποιήσει
989 2037 1081 2105 τοῦτο,
1098 2031 1188 2106 ἐπειδὴ
1203 2056 1274 2100 τινες
1289 2033 1431 2094 ὠνείδισαν
1447 2036 1519 2117 αὐτῷ
1534 2038 1573 2101 ὡς

450 2133 623 2216 λογογράφῳ.
644 2131 649 2211 Ι

345 2308 439 2360 μοις·
491 2293 547 2373 σθ’.
563 2294 602 2352 Τὸ
623 2294 681 2371 μὲν
702 2291 758 2351 οῦν
777 2289 944 2376 ἔντεχνον]
964 2293 1022 2352 277
1039 2291 1075 2351 Β.

388 2460 418 2511 15
489 2446 523 2504 Τὸ
535 2445 595 2526 περὶ
608 2452 660 2516 τῆς
675 2444 777 2526 τίχνης
797 2442 908 2502 ἐνταῦθα
926 2443 1075 2519 συνοψίζει,
1092 2443 1182 2523 λόγων
1202 2444 1244 2502 ότι
1263 2443 1305 2503 δεῖ
1324 2445 1478 2523 ίπιστημην
1497 2446 1572 2528 ἔχειν

450 2551 505 2602 τῶν
519 2542 698 2624 πραγμάτων,
710 2543 740 2598 τδ
755 2541 856 2615 άληθὶς
867 2540 975 2614 είδίναι,
988 2541 1112 2622 ὁρισμὸν,
1125 2539 1265 2623 διαίρεσιν,
1276 2545 1355 2626 φῦσιν
1369 2548 1471 2626 ψυχῆς,
1483 2545 1572 2603 καὶτὰ

451 2641 511 2715 είδη
525 2647 579 2699 τῶν
595 2639 699 2720 λόγων,
712 2642 757 2697 καὶ
771 2639 820 2697 όσα
834 2638 889 2713 ἤδη
903 2645 1044 2722 προεῖπεν.
1223 2649 1226 2655 ’

491 2808 565 2889 σίγα.
583 2805 789 2883 ΙΥπόμνησόν
809 2827 850 2881 με
868 2807 955 2882 πῶς]
975 2805 1033 2866 277
1050 2803 1087 2866 B.

490 2965 627 3024 Τουτὲστιν
648 2991 663 3024 ι
680 2965 707 3024 ὲν
720 2965 864 3047 κεφαλαίῳ
881 2966 938 3024 είπὶ
955 2964 1002 3023 καὶ
1018 2962 1258 3046 άνακεφαλαίωσαι
1276 2965 1324 3021 τόν
1339 2962 1435 3043 λόγον.
1456 2987 1468 3018 ο
1483 2965 1572 3021 -Τὸ

388 3080 419 3132 20
451 3063 484 3124 δὶ
502 3067 576 3146 πρὶν
594 3063 630 3124 όν
648 3088 698 3132 τις
717 3065 804 3144 τόγε·
824 3071 906 3122 τοῦτο
928 3064 1004 3142 λίγει
1025 3063 1065 3120 ότι
1083 3061 1123 3122 δεῖ
1141 3063 1188 3120 τόν
1210 3063 1398 3144 συγγράφοντα
1419 3062 1572 3138 ἐπιστήμην

338 3232 341 3251 Ι
450 3161 525 3246 ἔχειν
539 3170 594 3222 τῶν
607 3163 785 3246 πραγμάτων,
800 3163 846 3220 καί
861 3161 911 3220 δσα
925 3160 1000 3221 ἄλλα
1013 3160 1067 3234 ἤδη
1080 3161 1151 3234 εἷπε,
1163 3167 1210 3218 νῦν
1224 3153 1468 3243 ἀνακεφαλαιοῦται
1482 3160 1573 3218 συνιό-

451 3286 521 3340 μως.
538 3297 578 3310 -
596 3261 735 3339 Ποικίλη
761 3261 819 3338 μὶν
837 3260 1032 3326 ποικίλους·
1051 3259 1165 3331 ποικίλη
1182 3259 1253 3316 ἐστίν
1273 3261 1384 3341 ἡψυχὴ
1404 3263 1423 3332 ἡ
1440 3259 1574 3340 χαίρουσα

450 3360 679 3442 παραδείγμασιν,
700 3360 831 3440 ἱστορίαις
851 3360 896 3417 καὶ
914 3357 948 3428 δὴ
964 3365 1022 3424 τοῖς
1042 3357 1179 3438 διαφόροις
1201 3356 1304 3436 λόγοις·
1321 3357 1372 3436 θρα
1393 3355 1422 3414 δὲ
1441 3357 1482 3414 ότι
1498 3358 1573 3415 καὶθ

452 3460 596 3540 Σωκράτης
610 3460 697 3524 οθτως
712 3457 837 3532 ἐποίησε·
854 3455 987 3539 διαφόρως
1002 3457 1052 3538 γὰρ
1066 3453 1260 3514 κατεποίιιιλλε
1274 3456 1320 3514 τόν
1336 3455 1430 3536 λόγον.

388 3650 419 3704 25
491 3621 568 3703 σίγβ’.
586 3621 627 3680 Οό
645 3621 807 3703 πρότερον
825 3618 973 3696 δυνατόν]
993 3619 1051 3678 277
1068 3617 1105 3678 C.

491 3773 540 3832 Καί
562 3773 647 3853 γάρὸ
669 3771 811 3852 ῥητορικὸς
832 3769 929 3852 λόγος,
945 3769 990 3829 διὰ
1011 3776 1064 3828 τῶν
1085 3772 1205 3828 πιθανῶν
1226 3770 1339 3848 πείθων,
1356 3771 1405 3828 οὐκ
1426 3770 1458 3828 θν
1479 3769 1571 3837 άλλως

450 3873 566 3932 πείσειεν
582 3872 605 3930 εί
618 3871 657 3946 μή
674 3868 757 3942 ιίδείη
770 3869 802 3926 τδ
814 3867 925 3942 άληθὲς·
941 3872 959 3941 η
974 3867 1058 3927 πειθὼ
1069 3869 1119 3948 γάρ
1134 3867 1209 3941 διττή
1221 3867 1333 3946 {mm}
1349 3891 1379 3927 τε
1394 3867 1571 3942 διδασκαλική

451 3971 469 4044 ἧ
484 3993 515 4029 τε
529 3971 695 4041 πιπευτική·
712 3965 773 4026 οῦτε
784 3966 878 4044 οὖνιῇ
895 3964 1069 4042 διδασκαλικῇ
1085 3963 1146 4024 οὔτε
1160 3971 1193 4042 τῇ
1208 3973 1364 4044 πιστευτικῇ
1379 3965 1488 4026 δόναται
1502 3969 1571 4049 χρή-

452 4071 556 4140 σασθαι,
577 4069 599 4126 εἰ
619 4070 658 4145 μὴ
674 4065 717 4125 διὰ
735 4066 839 4124 τούτων
851 4067 894 4130 τίς
911 4063 988 4123 ἔλθοι
1004 4071 1058 4122 τῶν
1073 4069 1179 4146 τεχνῶν
1192 4067 1238 4122 καὶ
1258 4065 1339 4141 μάθοι
1356 4067 1401 4123 καί
1415 4067 1446 4123 τδ
1462 4065 1573 4124 ὑποκεί-

390 4191 421 4242 ³0
453 4189 535 4244 μενον
546 4173 658 4249 πρᾶγμα
669 4167 716 4224 καί
728 4164 776 4230 τὰς
789 4162 918 4245 διαφορὰς
933 4169 988 4222 τῶν
1003 4161 1095 4243 λόγων
1109 4162 1155 4220 καὶ
1171 4163 1220 4222 όσα
1235 4160 1309 4222 ἄλλα
1320 4164 1389 4222 είπε.

485 4375 794 4441 ΝΟῙνῦυ,νηιλ)ι·.Α
857 4375 901 4424 νῦν
919 4372 946 4424 δί
964 4370 1036 4436 δὴΕ
1098 4369 1200 4444 θποίφ]
1219 4371 1289 4450 πάση
1308 4373 1360 4424 ΕΜ
1425 4373 1502 4438 ὅδεῖ]
1522 4375 1572 4426 δεῖν

453 4457 511 4506 λετ
520 4451 577 4518 (ουί
590 4447 661 4512 πάοη
672 4444 789 4512 legebat)
851 4437 918 4494 9όιν
931 4443 1005 4493 rubr.
1019 4445 1044 4493 Λ
1107 4441 1138 4496 1⁴
1153 4443 1335 4505 τὀ,τιιιυι.Α
1397 4442 1428 4495 17
1444 4441 1572 4512 προεῖπεν]

452 4528 598 4594 προείρηται
615 4505 655 4570 A*
713 4516 745 4569 18
761 4515 946 4581 ῦπόμνησον,ιί
963 4513 1038 4564 rubr.
1054 4515 1078 4564 Α
1142 4513 1203 4565 haeo
1218 4513 1302 4565 verba
1315 4515 1376 4566 sine
1390 4513 1474 4564 dubio
1491 4515 1573 4565 Phae-

453 4597 502 4647 dro
516 4592 653 4646 tribuebat
666 4587 793 4640 Hermius
855 4585 887 4637 20
902 4584 969 4651 τάγε]
984 4587 1051 4637 τότε
1067 4583 1096 4635 Μ
1159 4585 1189 4638 21
1206 4585 1260 4651 νῦν]
1274 4585 1360 4638 καὶΜ
1423 4585 1453 4636 2³
1471 4585 1502 4651 δὴ
1517 4599 1571 4636 om.

453 4667 508 4720 ME
569 4656 814 4716 ῊκατεποίκιλεΜ
877 4656 908 4708 25
925 4656 1083 4709 οῦῐυθτ.Α
1147 4656 1177 4708 27
1194 4661 1301 4710 πείσειεν
1317 4657 1571 4740 ευτίρείιπείαηιθτ

453 4742 533 4791 πείσει
552 4737 582 4787 M
646 4727 732 4796 εἰδείη]
751 4731 805 4794 θείη
826 4729 855 4780 Μ
876 4727 943 4792 (jam
963 4739 1068 4780 οοιιεε.
1088 4729 1157 4790 Aer)
1220 4727 1394 4796 γάροοιὶριίι
1409 4727 1510 4781 &Uibu

452 4805 626 4864 aevwm
