3660 5686
553 551 608 602 ΕΙΣ
629 553 690 603 Tou
713 551 889 603 nmnNoz
912 551 1055 602 ΦΑΙΔΡΟΝ
1078 552 1201 603 nom
1410 565 1441 614 75

224 707 284 776 [ffll
357 698 406 771 ἔθ’.
429 709 498 763 Τῶν
518 707 579 787 γάρ
603 707 764 784 ὀμμάτων
787 707 973 788 στερηθείς]
997 708 1056 768 243
1078 706 1116 772 Α.

356 841 422 922 Περί
437 849 488 913 τῆς
506 841 627 921 Ὀμήρου
644 841 810 923 τυφλώσεως
831 839 955 923 διάφοροι
973 841 1098 923 φέρονται
1120 841 1248 922 ἱστορίαι.
1270 843 1302 900 oi
1322 843 1370 918 μέν
1390 843 1442 924 γάρ

316 940 396 997 αὐτὸν
408 940 453 997 καί
466 937 569 1021 τυφλὸν
582 941 614 998 ἐκ
629 948 741 1018 γενετῆς
753 938 864 1020 λέγουσι
875 941 921 997 καί
937 938 1008 996 οίίτω
1023 939 1161 1020 τετέχθαι·
1179 941 1206 998 οἳ
1219 939 1248 998 δέ
1262 943 1442 1016 ποιμαίνοντα

315 1039 386 1118 παρά
406 1045 446 1111 τῷ
466 1039 544 1121 τάφῳ
563 1045 612 1097 τοῦ
634 1037 787 1120 ’Δχιλλέως
808 1028 917 1102 πολλάς
937 1059 1013 1102 τινας
1033 1035 1231 1096 κατσόαλέσθαε
1252 1040 1292 1103 είς
1314 1040 1361 1096 τὸν
1381 1041 1441 1121 ἥρω

269 1137 284 1186 5
316 1139 384 1220 χοάς
397 1137 443 1194 καί
458 1139 613 1219 στεφάνους,
627 1140 672 1196 καί
685 1134 856 1218 παρακαλεῖν
869 1137 950 1194 αὐτὸν
962 1137 1078 1218 ὀφθῆναι
1093 1136 1178 1210 αὐτῷ.
1193 1136 1222 1194 ‘0
1234 1135 1262 1194 δέ
1275 1137 1347 1218 ἥρως
1361 1135 1440 1220 ὤφθη

318 1235 387 1310 μετά
407 1242 458 1307 τῆς
479 1234 635 1299 πανοπλίας
657 1233 786 1309 λάμπων·
805 1235 851 1291 καί
871 1231 1028 1314 όὍμηρος
1050 1235 1088 1308 μή
1109 1232 1227 1314 ἐνεγκὼν
1244 1237 1296 1306 τὴν
1309 1234 1379 1294 θέαν
1396 1238 1442 1294 καί

315 1335 364 1405 τὴν
384 1331 550 1408 λαμπηδόνα
568 1339 624 1390 τῶν
643 1333 738 1392 όπλων
760 1331 914 1414 ἐτυφλώθη.
937 1333 969 1388 01
990 1330 1019 1388 δέ
1042 1331 1094 1402 ότι,
1118 1330 1210 1404 ἐπειδὴ
1230 1334 1290 1392 εἶπε
1311 1337 1442 1414 περὶτῆς

316 1431 424 1505 Ἑλένης
444 1431 486 1490 ότι
507 1433 634 1511 ἡρπάσθη
656 1433 701 1490 καὶ
722 1432 844 1510 ἠγάγετο
866 1431 951 1502 αὐτὴν
973 1426 1150 1511 Ἀλέξανδρος
1175 1433 1210 1496 είς
1230 1433 1262 1490 τδ
1284 1431 1371 1492 Ἴλιον
1394 1435 1440 1492 καί

214 1540 245 1590 Ρ·
267 1525 298 1576 99
314 1528 394 1610 έσχεν
413 1530 452 1594 ὡς
470 1535 595 1609 γυναῖκα,
617 1531 686 1588 κατά
705 1537 787 1605 μῆνιν
805 1536 855 1601 τῆς
874 1525 1009 1610 ὴρωίΙνης
1027 1529 1066 1592 ὡς
1087 1524 1257 1609 ὑόρισθείσης
1275 1530 1340 1611 παρ’
1358 1531 1440 1589 αὐτοῦ

250 1625 285 1676 ¹⁰
316 1625 470 1708 ἐτυφλώθη.
483 1661 523 1672 -
537 1626 624 1686 Ἀλλά
637 1633 696 1693 πῶς
711 1627 744 1684 τέ
759 1627 828 1684 αότά
845 1627 891 1684 καί
911 1628 926 1684 ό
942 1627 1112 1708 Στησίχορος
1131 1627 1215 1686 είπὼν
1235 1629 1274 1693 είς
1294 1627 1378 1700 αότην
1394 1631 1441 1688 καὶ
1486 1653 1489 1658 “

314 1723 464 1806 τυφλωθεὶς
482 1721 633 1802 ἄνίόλεψες
654 1725 739 1783 Φασίν
759 1725 800 1782 ότι
819 1725 918 1805 Λοκροί
936 1727 981 1783 καί
1000 1731 1185 1804 Κροτωνιᾶται
1206 1724 1361 1802 ἐπολέμουν
1375 1728 1442 1806 πρός

315 1823 468 1896 ἀλλήλους·
486 1823 546 1890 ἔθος
562 1822 590 1881 δέ
605 1826 640 1895 ἦν
657 1830 715 1889 τοῖς
734 1829 850 1903 Λοκροῖς
871 1823 954 1904 μέρος
974 1833 1022 1896 τῆς
1040 1829 1164 1904 στρατιᾶς
1183 1823 1354 1904 ἀφρούρητον
1371 1825 1441 1884 άνιε-

316 1928 379 2002 ροῦν
397 1928 456 1986 τοῖς
476 1923 579 2002 ἥρωσιν
599 1923 637 1986 ὡς
658 1921 770 1980 ἐκείνων
789 1922 978 2003 φρουρούντων
996 1921 1072 1979 αότό·
1093 1922 1139 1978 τόν
1158 1920 1205 1979 οὖν
1225 1921 1374 1998 Λεώνυμον
1393 1924 1440 1980 τόν

316 2021 468 2101 στρατηγόν
489 2027 544 2078 τῶν
565 2027 760 2101 Κροτωνιατῶν
780 2019 913 2078 έπιθέσθαι
934 2019 1030 2096 ἐκείνῳ
1050 2027 1090 2095 τῷ
1110 2021 1187 2100 μέρει
1207 2021 1244 2086 ώς
1264 2021 1438 2102 άφρουρήτῳ,

253 2117 284 2166 ¹5
315 2122 360 2178 καί
376 2121 513 2199 τρωθέντα
530 2115 558 2187 ἐξ
577 2118 683 2193 ἀδήλου
700 2119 880 2202 ἀναχωρῆσαι
896 2120 1030 2201 χαλεπῶς
1046 2117 1219 2195 διακείμενον
1234 2120 1285 2177 ὑπὸ
1300 2126 1347 2177 τοῦ
1362 2121 1439 2200 τραό·

318 2239 415 2294 ματος·
436 2216 527 2278 ἐλθεῖν
546 2217 594 2276 οὗν
613 2217 693 2276 αὐτόν
712 2219 748 2284 είς
766 2219 797 2276 τδ
817 2218 845 2276 έν
860 2218 978 2298 Δελφοῖς
997 2224 1126 2294 μαντεῖον
1145 2217 1187 2276 διά
1206 2215 1373 2298 θεραπείαν,
1393 2219 1439 2276 καί

316 2312 412 2376 λαθεῖν
428 2319 557 2400 χρησμὸν
576 2318 618 2375 ότι
633 2319 647 2374 ό
661 2317 765 2398 τρώσας
780 2319 825 2374 καί
845 2317 960 2374 ίάσεται·
983 2316 1181 2397 έπανερομένου
1199 2313 1223 2373 δ’
1238 2315 1320 2373 αὐτοῦ
1339 2317 1384 2373 καί
1399 2317 1439 2380 τίς

316 2419 330 2474 ό
349 2417 454 2497 τρώσας
473 2416 529 2496 (καί
547 2416 598 2497 γάρ
616 2417 651 2486 ἧν
671 2415 786 2495 ἄδηλον)
806 2417 921 2474 ἀκοῦσαι
940 2415 982 2474 ότι
1003 2417 1018 2473 ό
1040 2413 1197 2496 ’Δχιλλεός·
1219 2412 1371 2472 ἀπελθόντα
1393 2413 1440 2472 οὖν

316 2513 397 2572 αὐτόν
411 2513 450 2579 είς
464 2515 571 2585 Λεόκην
585 2514 636 2586 τήν
653 2522 737 2585 νῆσον
752 2513 798 2592 (ἦν
815 2513 843 2571 δέ
862 2514 931 2585 αίίτη
950 2512 1080 2589 ἀνειμένη
1098 2517 1138 2586 τῷ
1153 2507 1291 2594 ’Δχιλλεῑ)
1307 2513 1441 2570 ἰκετείισαι

252 2608 284 2659 2⁰
314 2612 361 2669 τὸν
375 2611 467 2691 ἥρωα,
482 2613 527 2669 καί
544 2610 611 2670 ίδεῖν
625 2614 793 2687 κοιμηθέντε
806 2613 878 2677 τινάς
892 2617 947 2669 τῶν
958 2611 1058 2691 ἡρώων
1072 2611 1117 2667 καί
1131 2605 1228 2670 λαθεῖν
1242 2609 1291 2685 μέν
1304 2610 1378 2689 παρὰ
1392 2614 1440 2666 τοῖι

315 2709 467 2792 ’Δχιλλέως
484 2708 646 2791 θεραπείαν·
665 2711 777 2768 άκοῦσαι
795 2709 824 2768 δέ
842 2709 906 2790 παρ’
926 2710 1016 2768 αὐτῶν
1036 2710 1120 2768 εἰπεῖν
1141 2713 1201 2772 τοῖς
1222 2707 1375 2787 ἀνθρώποις
1398 2709 1440 2765 ότι

317 2833 330 2862 ι
350 2806 427 2865 οὖδῖν
442 2807 570 2867 λανθάνει
587 2805 675 2872 θεοὺς
694 2805 758 2865 οὐδέ
776 2808 867 2887 ἥρωας
885 2809 924 2864 ὧν
942 2807 1087 2888 πράττετε,
1102 2805 1125 2863 ‹J›
1145 2803 1295 2885 ἄνθρωποι,
1314 2829 1328 2860 ν
1350 2803 1440 2864 ἐλθεῖν

315 2905 401 2964 δέκαί
414 2908 465 2978 τὴν
480 2905 592 2979 Ἑλένην
608 2908 653 2964 καί
672 2905 758 2964 είπεῖν
772 2906 939 2986 ἐσαγγεῖλαι
955 2904 1116 2986 Στησιχόρῳ
1133 2901 1302 2978 παλινῳδίαν
1317 2903 1378 2976 ᾄσαι
1393 2903 1440 2960 ’ίνα

315 2998 469 3081 άναδλέψη·
485 3005 530 3061 καί
545 3005 596 3084 γάρ
611 3004 658 3061 τὸν
670 3001 795 3086 Ὅμηρον
809 3002 843 3061 δι’
858 3003 922 3061 αότδ
937 3008 1018 3060 τοῦτο
1033 3002 1221 3083 τετυφλῶσθαι
1234 3003 1271 3066 ὡς
1282 3004 1439 3081 κακηγορή-

249 3097 281 3148 25
313 3101 395 3158 σαντά
411 3122 458 3178 με·
474 3102 520 3159 καί
535 3102 608 3159 οὕτω
622 3103 668 3158 τὸν
683 3101 854 3184 Στησίχορον
867 3101 1020 3158 οἰκοόσαντα
1031 3101 1103 3181 παρέ
1115 3105 1164 3158 τοῖν
1176 3099 1326 3173 Λεωνόμου
1339 3097 1439 3178 γράψαι

312 3201 362 3271 τὴν
378 3197 547 3275 παλινῳδίαν
565 3201 610 3256 καί
629 3200 718 3265 οίίτως
738 3195 899 3276 άναόλέψαι.
917 3200 998 3256 -Τί
1017 3197 1064 3256 οὖν
1083 3196 1213 3276 βοόλεται
1228 3199 1242 3254 ό
1257 3196 1374 3255 Πλάτων
1395 3193 1438 3252 διά

312 3298 416 3355 τοότων
437 3297 598 3376 σημαίνειν;
621 3299 653 3356 οὐ
674 3301 726 3379 γάρ
746 3297 779 3370 δὴ
800 3299 911 3357 αὐτόθεν
929 3297 1177 3377 καταψηφιούμεθα
1197 3297 1235 3361 ὡς
1256 3293 1382 3374 Ὀμηρος
1403 3294 1440 3358 είς

311 3397 363 3467 τήν
387 3395 495 3470 Ἑλένην
521 3395 707 3478 έδυσφήμησε·
732 3399 772 3461 τίς
802 3399 853 3477 γάρ
880 3395 964 3462 ἄλλος
990 3396 1076 3462 οίίτως
1098 3395 1210 3472 ἐπῄνεσε
1235 3396 1285 3467 τὴν
1309 3390 1436 3464 Ἑλένηνς

311 3495 480 3575 ,Δρτέμιδι
497 3499 547 3577 γάρ
566 3496 816 3578 χρυσηλακάτῳ
835 3496 984 3556 ἐοικυῖαν
1004 3495 1089 3566 αίιτιλν
1107 3492 1187 3552 καλεῖ
1206 3491 1252 3549 καί

249 3651 282 3700 ³0
494 3641 530 3698 Οό
545 3643 652 3718 νέμεσις
665 3647 759 3722 Τρῶας
775 3641 820 3698 καί
836 3639 1000 3718 ἐυκνήμιδας
1015 3638 1142 3721 ’Δχαιοδς

492 3739 581 3817 τοιῇδ’
596 3741 664 3822 ἀμφὶ
678 3742 781 3819 γυναικί
794 3741 882 3800 πολίιν
894 3740 997 3822 χρόνον
1011 3737 1101 3818 ἄλγεα
1114 3738 1239 3818 πάσχειν.

343 3938 437 4004 2περί
455 3963 485 3974 -
507 3937 539 3987 10
559 3935 685 4001 ἐτυφλώθη
702 3953 732 3982 =
755 3933 842 3986 schol.
862 3935 908 3986 243
926 3937 949 3984 A
970 3935 1006 4006 (ρτ
1025 3933 1074 3984 268
1095 3932 1202 3992 Herm.)
1268 3929 1388 3996 11φασῖν
1410 3957 1439 3968 -

313 4007 345 4060 26
360 4009 499 4075 άναόλέψαι
513 4025 543 4054 =
558 4007 644 4058 schol.
661 4007 707 4058 2⁴3
722 4011 745 4056 Α
763 4006 799 4071 (ρ.
817 4005 864 4056 268
879 4005 986 4067 Herm.)
1050 4004 1081 4055 29
1097 4007 1111 4057 δ
1127 4003 1175 4058 122
1194 4005 1321 4071 Ἀρτέμιδι
1342 4022 1440 4070 χρυση-

314 4080 414 4146 λακάτῳ
429 4084 511 4132 ἐϊκυῖα
575 4077 747 4129 ³01¹156-57

344 4189 406 4240 TIT
430 4190 524 4257 θπερί·
539 4199 582 4254 τῆς
604 4188 722 4256 Ὁμήρου
745 4186 933 4276 τυφλώσεωςΰ
998 4185 1028 4236 10
1048 4188 1104 4254 περί
1124 4194 1168 4249 τῆς
1184 4185 1345 4254 Στησιχόρου
1365 4187 1441 4236 παλι-

314 4264 404 4330 νῳδίας
416 4260 437 4313 C
499 4260 531 4311 14
548 4260 624 4328 [περὶ]
636 4263 680 4313 τοῦ
696 4262 837 4323 Λεωνυμου
852 4260 906 4322 [τοῦ
918 4257 1106 4326 Κίροτωνιάτου
1114 4260 1157 4310 καί
1168 4255 1222 4324 [τοῦ
1231 4254 1403 4324 ΣῙτησιχόρου
1415 4257 1439 4307 Α

346 4370 392 4421 NG
410 4371 422 4420 1
439 4369 655 4432 ramerum
717 4367 910 4433 αοῖεοήρείι
932 4371 959 4418 σί
978 4366 1039 4418 libri
1059 4366 1189 4417 01001101.
1253 4363 1350 4433 όῆρω]
1368 4363 1441 4430 ἥρωα

315 4440 399 4492 schol.
463 4441 587 4492 θόοω.
608 4439 635 4490 Μ
700 4439 852 4506 δὴγάγετο]
872 4437 946 4504 ἤγετο
963 4439 990 4489 Μ
1055 4438 1087 4488 10
1102 4435 1144 4502 τά]
1159 4438 1202 4489 καί
1218 4436 1246 4486 Μ
1312 4434 1440 4499 είςαύτὴν

314 4526 368 4562 om.
385 4513 412 4562 Μ
478 4510 508 4562 11
525 4510 737 4578 ΚροτωνιάταιΑ
799 4510 830 4562 17
847 4510 873 4562 δέ
888 4509 916 4559 Μ
980 4508 1013 4559 18
1029 4508 1134 4560 Suom.
1150 4506 1330 4558 sohomom.
1347 4507 1374 4556 Μ

315 4582 344 4631 19
356 4582 387 4648 ἦν
399 4609 429 4621 -
442 4583 557 4649 Ἀχιλλεῖ
572 4595 627 4632 om.
648 4581 734 4632 schol.
798 4580 830 4632 20
843 4583 1006 4644 κοιμηθέντας
1020 4578 1108 4630 schol.
1170 4578 1201 4630 2⁴
1215 4579 1258 4629 τόν
1276 4590 1330 4628 οισι.
1351 4576 1438 4628 schol.

374 4651 597 4720 κακηγσρὴσαντσ]
607 4652 816 4720 κατηγορήσαντα
828 4651 855 4714 Μ
921 4651 952 4720 27
967 4650 1078 4720 αὐτόθεν]
1090 4651 1194 4701 ἐνταῦθα
1205 4648 1232 4718 Μ
1299 4650 1326 4706 31
1343 4650 1439 4720 τοιοῦδ’

315 4723 336 4798 μ’,
351 4724 400 4797 τρο
415 4726 444 4775 in
461 4736 547 4798 ιηειμ.
561 4723 619 4798 νξιίἰ
636 4727 700 4796 οοιεΙ
1075 4729 1076 4734 ¹
1342 4737 1346 4744 .
