3604 5690
448 619 503 674 ΕΙΣ
524 624 584 673 Tor<
608 619 783 675 1111171115οΣ
806 621 948 677 ΦΑΙΛΡΟΝ
972 627 1094 678 ΣΧΟΛΙΔ
1287 643 1333 694 209

124 782 183 850 1175]
213 778 287 850 ἡμᾶς
302 775 399 840 αῦτοῦς
413 773 476 834 οῦδὲ
488 778 540 847 τὴν
553 781 608 834 των
624 776 786 852 μελλόντων
801 772 919 834 ἔκθασιν·
937 779 963 835 οῖ
980 777 1008 836 δὶ
1027 780 1089 837 3εοῖ
1107 779 1181 836 ίσασι
1200 782 1232 837 τόι
1250 785 1334 853 moi.-

212 894 294 930 κοντα
307 874 423 948 ίκάστῳ.

253 1027 307 1106 [θ’.
330 1030 390 1086 Τὸν
411 1028 511 1107 λόγον
534 1027 567 1086 δέ
587 1050 644 1086 σου
664 1030 709 1086 καί
729 1031 763 1086 τά
784 1022 858 1107 ἑξῆς]
882 1030 940 1090 257
961 1029 997 1090 C.

251 1168 446 1242 Ἐκπλῆττεται
458 1171 503 1228 τὸν
517 1177 566 1228 τοῦ
581 1171 732 1254 φιλοσόφου
745 1171 830 1250 λόγον
845 1173 891 1230 τὸν
905 1181 955 1244 τῆς
971 1171 1139 1247 παλινῳδίας
1153 1175 1190 1238 ὡς
1205 1179 1253 1231 τοῦ
1269 1195 1334 1253 προ-

168 1275 181 1323 5
210 1267 286 1348 τὲρου
305 1267 438 1326 καλλίονα
458 1267 532 1326 όντα·
553 1271 599 1326 καί
618 1277 656 1348 τῷ
675 1268 730 1327 όντι
748 1269 845 1349 πολλῷ
866 1271 966 1329 ἐκείνου
987 1273 1120 1353 ὑπερέχει.
1138 1271 1267 1329 Ἐνταῦθα
1284 1271 1334 1352 γάρ

214 1365 272 1424 εἴτε
283 1367 343 1447 περὶ
358 1375 406 1440 τῆς
419 1376 522 1440 νοητῆς
538 1367 631 1434 οῦσίοις
645 1370 691 1426 καί
707 1377 757 1441 τῆς
772 1369 917 1435 ἀθανασίας
932 1378 980 1441 τῆς
994 1373 1085 1450 ψυχῆς
1098 1371 1143 1428 καί
1156 1377 1204 1428 τοῦ
1219 1373 1333 1448 καθηγε-

214 1464 297 1538 μόνος
311 1465 373 1530 Διός
388 1470 448 1529 πῶς
467 1464 573 1544 συνάγει
587 1465 674 1522 πάντα
687 1466 732 1523 καὶ
746 1471 801 1524 τῶν
816 1465 890 1524 ίννία
907 1467 978 1544 βίων
991 1468 1036 1524 καί
1050 1473 1104 1524 τῶν
1121 1465 1211 1524 ἀλλων
1222 1471 1261 1525 ὧν
1275 1469 1335 1526 εἶπε

213 1561 319 1640 πρῴην.

253 1717 287 1800 ρ’.
311 1715 408 1780 ’Ὥστε
429 1721 527 1798 ὀκνῶ]
551 1723 609 1782 257
633 1721 668 1782 C.

153 1870 182 1920 10
252 1865 362 1937 Ἐπειδὴ
374 1863 477 1939 ηὔξατο
493 1870 507 1925 ὁ
523 1869 669 1949 Σωκράτης
683 1866 773 1947 λέγων
789 1869 827 1932 ὡς
840 1871 886 1926 τὸν
900 1869 1083 1951 Πολέμαρχον
1095 1871 1168 1927 οὕτω
1180 1869 1224 1928 καί
1240 1870 1337 1927 Λυσίαν

212 1973 346 2044 τραπῆναι
366 1966 416 2024 ίπί
435 1967 649 2048 φιλοσοφίαν,
671 1966 715 2025 διά
733 1967 812 2026 τοῦτό
831 1990 912 2049 φησιν
932 1971 947 2025 ό
966 1967 1084 2048 Φαῖδρος
1103 1969 1143 2026 ότι
1164 1993 1178 2022 ο
1195 1969 1244 2026 οὐκ
1259 1969 1337 2044 οἶμαι

115 2057 196 2108 “7⁴¹''
211 2065 234 2122 τί
252 2065 310 2130 οἷός
329 2066 358 2123 τί
377 2065 446 2122 ἐστιν
465 2068 480 2122 ό
499 2065 597 2130 Λυσίας
616 2066 704 2140 τούτῳ
722 2071 760 2144 τῷ
778 2065 864 2145 λόγῳ,
885 2067 908 2124 εί
927 2066 972 2122 καὶ
988 2067 1115 2138 Ξελῆσει,
1135 2068 1140 2144 Ι
1159 2068 1341 2146 άντιπαρα-“

212 2169 320 2220 τεῖναι
334 2161 394 2220 ἴσον
409 2161 505 2243 λόγον.
524 2187 539 2219 ν

252 2312 304 2393 ρα’.
329 2315 386 2370 Καὶ
405 2313 465 2393 γάρ
486 2335 535 2378 τις
557 2314 656 2370 σότὸν
679 2313 701 2369 ὦ
724 2312 902 2394 θαυμάσιε]
925 2315 982 2373 257
1003 2313 1039 2372 C.

152 2467 181 2519 15
251 2459 392 2534 Θαυμάσαι
409 2460 457 2535 μὲν
474 2455 529 2517 ἔστι
545 2461 591 2516 τόν
605 2459 753 2540 φιλόσοφον
771 2459 797 2516 όν
808 2467 883 2530 πάσι,
902 2458 1020 2533 μάλιστα
1033 2457 1061 2516 δὲ
1076 2457 1119 2517 διά
1132 2460 1162 2515 τὸ
1175 2460 1275 2516 πυκνόν
1289 2460 1335 2517 καὶ

212 2559 323 2638 συνεχὲς
345 2559 390 2614 καὶ
412 2558 556 2633 ἡνωμένον
574 2563 622 2615 τοῦ
643 2557 739 2636 λόγου,
761 2559 838 2615 Οῦτω
856 2558 907 2636 γάρ
926 2558 1024 2639 γράφει
1041 2559 1080 2620 ὡς
1099 2559 1128 2614 ἓν
1146 2561 1216 2632 ζῷον
1235 2559 1333 2615 &2:012-

213 2657 342 2728 λεσθῆναι
355 2657 402 2713 τὸν
416 2655 504 2712 πάντα
519 2645 723 2735 λόγον·“ι’όσπερ
738 2657 789 2735 γάρ
804 2655 833 2713 τὸ
850 2659 918 2734 ζῷον
932 2655 1059 2731 ἡνωμὲνα
1072 2650 1131 2735 ἔχει
1145 2658 1178 2712 τά
1193 2656 1275 2735 μόρια
1289 2658 1334 2713 καίΙ

211 2751 412 2833 διακεκριμένα,
429 2755 502 2810 οῦτω
516 2754 560 2809 καί
574 2755 589 2810 ό
604 2751 686 2830 λόγος
703 2753 875 2832 Σωκράτους.
895 2751 1064 2828 Βουλόμενος
1084 2752 1132 2810 οῦν
1150 2753 1189 2818 είς
1210 2753 1255 2809 τόν
1274 2754 1335 2832 περὶ

212 2851 357 2932 ῥητορικῆς
372 2847 508 2909 είσῦαλεῖν
523 2849 618 2931 λόγον,
639 2846 665 2917 ἐξ
683 2852 714 2908 οῦ
728 2851 773 2906 καὶ
790 2849 894 2931 ἡάρχὴ
911 2857 959 2907 τοῦ
975 2850 1060 2929 λόγου
1078 2851 1139 2930 (τοῦ
1153 2851 1202 2930 γάρ
1218 2849 1336 2930 Φαίδρου

114 2969 136 3018 ρ.
145 2958 189 3007 176
212 2952 400 3026 θαυμάζοντος
419 2951 450 3007 τό
467 2951 631 3031 φαινόμενον
650 2947 753 3014 κάλλος
767 2949 812 3005 καίΙ
828 2952 878 3020 τὴν
893 2953 1029 3022 συνθήκην
1044 2955 1091 3006 τοῦ
1109 2947 1203 3027 λόγου,
1221 2952 1235 3006 ὁ
1250 2950 1336 3031 φιΙλό-

211 3070 294 3128 σοφος
318 3047 388 3116 ἦλθε
409 3045 452 3104 διά
471 3044 591 3126 Φαῖδρον
614 3047 651 3111 είς
674 3047 777 3110 πάντας
799 3046 862 3108 τοὺς
882 3045 1042 3125 εἰρημένους
1066 3046 1192 3126 λόγους),
1217 3047 1266 3126 ὅρα
1289 3047 1335 3104 οῦν

210 3150 270 3209 πῶς
290 3144 444 3225 συμφώνως
464 3139 598 3201 είοόάλλει
616 3143 653 3207 είς
673 3144 719 3200 τὸν
733 3144 796 3221 περὶ
811 3142 954 3222 ῥητορικῆς
972 3140 1063 3222 λόγον.
1081 3145 1152 3214 Φησὶ
1168 3145 1218 3223 γάρ
1236 3146 1335 3200 όΦαῖ-

211 3240 273 3320 δρος
290 3239 331 3297 ότι
347 3240 396 3298 οῦκ
410 3240 442 3298 ἀν
459 3237 578 3313 θελῆσαι
596 3243 610 3297 θ
626 3241 720 3305 Λυσίας
735 3241 1013 3319 ἀντιπαρατεῖνσι
1031 3247 1068 3318 τῷ
1084 3247 1121 3317 σῷ
1136 3239 1225 3318 λόγῳ,
1242 3239 1334 3311 ἐπειδὴ

211 3337 364 3407 ὠνείδιζί
382 3361 421 3404 τις
438 3338 510 3416 αὐτῷ
531 3339 570 3403 ὡς
593 3337 755 3420 λογογράφῳ
776 3339 821 3396 καί
843 3339 895 3395 ἀπὸ
916 3338 1016 3410 ταύτης
1034 3347 1085 3408 τῆς
1104 3334 1203 3404 λέξεως
1224 3338 1336 3419 ἄρχεται

152 3458 179 3508 25
211 3438 226 3493 ὁ
240 3435 389 3519 φιλόσοφος
405 3437 452 3493 τὸν
466 3437 528 3516 περί
541 3437 688 3516 ῥητορικῆς
702 3436 798 3514 λόγον,
813 3435 902 3513 λέγων
915 3435 956 3492 ότι
970 3436 1000 3491 τὸ
1015 3443 1199 3515 λογογραφεῖν
1216 3436 1266 3492 οῦκ
1282 3434 1336 3492 ἔστι

211 3535 294 3592 κακόν
309 3533 383 3592 ἀλλά
394 3535 425 3590 τὸ
440 3539 531 3598 κακῶς
545 3534 654 3616 γράφειν
668 3535 751 3590 κακόν
767 3535 832 3590 ἔστι·
853 3535 884 3590 τὸ
907 3533 1001 3608 μέντοι
1019 3532 1091 3591 καλά
1107 3534 1152 3588 καὶ
1171 3533 1256 3611 ἀγαθὰ
1271 3534 1335 3612 γρά-

212 3654 269 3712 φειν
283 3633 371 3690 καλόν
388 3633 453 3690 ἐστι·
471 3633 539 3712 πρὸς
559 3633 610 3712 γάρ
628 3635 677 3704 τῆν
695 3633 820 3712 πρόθεσιν
835 3639 884 3689 τοῦ
900 3631 1053 3711 γράφοντθς
1071 3631 1126 3687 ἐστι
1146 3631 1176 3687 τὸ
1192 3631 1336 3689 καλόνκαὶ

210 3733 240 3788 τὸ
260 3731 357 3788 κακόν·
378 3731 445 3800 ἐπεί,
467 3731 505 3796 ὡς
526 3732 572 3786 καὶ
592 3730 716 3810 ἀλλαχοῦ
736 3730 806 3802 εἶπε,
828 3737 916 3787 πάσα
936 3723 1050 3808 πρᾶξίς
1070 3728 1149 3801 αὐτῆ
1170 3728 1230 3786 καθ’
1253 3731 1337 3800 αὑτῆν

211 3827 287 3888 οὔτε
300 3829 386 3900 καλὴ
404 3827 466 3886 οότε
481 3829 564 3900 κακῆ.
583 3828 773 3908 Λογογράφοος
785 3826 813 3884 δὲ
825 3827 939 3886 ἐκάλουν
952 3830 979 3885 οἱ
992 3825 1104 3884 παλαιοί
1115 3828 1177 3892 τοῦς
1196 3827 1239 3884 ἐπὶ
1252 3831 1336 3905 μισθῷ

241 4109 273 4160 28
290 4109 404 4175 ἀλλαχοῦ
422 4103 532 4157 Οοηοίο.
547 4105 592 4156 181
606 4107 629 4154 Α
693 4103 724 4152 29
740 4101 955 4168 λογογράφους-
970 4099 1024 4158 210,
1041 4101 1056 4150 2
1072 4101 1189 4166 λέγοντας
1204 4116 1234 4145 =
1248 4097 1334 4150 schol.

211 4180 291 4232 2570
306 4178 401 4246 (11271
415 4179 521 4238 Herm.)

242 4306 304 4358 TIT
320 4306 352 4357 29
367 4309 430 4363 τίνες
444 4302 597 4370 λογογράφοι
612 4301 681 4368 πσράι
699 4299 769 4364 (cod.
784 4301 850 4367 περὶ)
863 4306 913 4359 τοῖς
928 4304 1045 4359 παλαιοῖς
1061 4302 1181 4358 καὶτίνας
1197 4298 1297 4366 ῥήτορες
1314 4297 1335 4348 C

211 4376 386 4446 λνινίτοάνοθ
402 4373 524 4444 ῥήίτυνεε]
539 4387 556 4423 ⁸

242 4503 290 4556 Nc
316 4503 401 4564 θεὸν,
421 4523 434 4552 τ
456 4501 530 4551 rubr.
553 4505 577 4550 Α
641 4501 717 4551 ότοῦ
741 4513 795 4550 om.
817 4495 846 4547 M
910 4497 1082 4553 6άθαναοίας
1102 4503 1145 4559 τῆς
1168 4507 1223 4544 om.
1242 4494 1270 4543 M

210 4575 226 4624 9
247 4573 312 4628 ὥστε
335 4578 402 4626 όκνοῖ
427 4573 500 4624 rubr.
522 4575 547 4622 A
612 4571 686 4622 12-13
710 4573 918 4636 άντιπαραόσλιῖν
943 4571 1004 4618 1¹:
1029 4565 1288 4632 ἀντιπαραλαμθάνειν
1313 4563 1335 4614 E

274 4647 304 4698 13
324 4645 383 4698 ἶσον
401 4648 425 4695 Α
448 4651 477 4696 ut
497 4655 605 4705 semper
669 4641 699 4692 14
721 4643 773 4701 καὶ,
796 4661 811 4692 κ
836 4641 910 4690 rubr.
934 4643 957 4688 Α
1021 4639 1052 4688 15
1073 4637 1125 4701 διὰ]
1150 4637 1215 4689 κατὰ
1242 4636 1271 4684 Μ

211 4717 242 4770 18
258 4719 454 4785 θιακεκριμμίνιι
470 4719 494 4766 Α
545 4713 587 4774 ,2³
606 4711 708 4776 θελήσαι
724 4711 838 4776 scripsi:
854 4711 982 4786 θελῆσηΑ
998 4725 1003 4760 :
1020 4708 1117 4772 θελήσει
1137 4705 1164 4758 M
1231 4709 1335 4759 ιῖντιποιΙ

212 4793 322 4856 ραθεῑνοιι
334 4793 372 4839 A·
435 4788 467 4838 28
482 4785 572 4848 ἑαυτὴν
589 4780 618 4834 Μ
682 4783 713 4834 29
730 4781 766 4848 δὲ]
781 4784 830 4850 γάρ
847 4781 933 4833 schol.

276 4893 447 4946 θυυυιιιιυιι.
1182 4884 1211 4937 14
