3660 5686
410 579 441 630 62
791 573 931 624 1311111101·
952 575 1149 627 ΦΙΛΟΣΟΦΟΥ

327 733 377 800 [91]
410 727 604 808 θυραμθώδους
634 730 803 810 ἀπαγγελίας
832 733 964 808 ήσθάνετο
993 733 1034 792 ότι
1060 733 1165 815 άρξεται
1190 736 1328 792 ἐνθουσιάν
1353 739 1536 816 προιόντος

411 833 468 884 τοῦ
490 827 608 906 λόγου·
633 827 687 906 [διὸ
708 830 752 886 καί
772 827 871 887 θεῖον
890 831 992 896 πάθος
1012 833 1077 889 αύεὸ
1096 833 1242 906 κέκληκεν,
1259 832 1322 891 οὔτε
1336 835 1419 909 μόνον
1437 833 1538 893 θεῖον

412 923 472 982 ούτε
491 926 575 1001 μόνον
594 927 708 1000 πάθος,
730 925 803 984 ἀλλά
820 929 851 985 τὸ
871 927 936 986 δ’λον
957 935 1037 988 τοῦτο
1055 928 1156 988 θεῖον
1176 931 1301 1008 πάθος]
1323 931 1438 990 ἐνταῦθα
1454 931 1482 989 δέ
1498 933 1538 991 ’ότι

412 1023 545 1098 ἐνθουσιᾷ,
571 1023 662 1097 ἐπειδή
690 1051 703 1080 (ι
728 1022 788 1098 έπη
817 1023 881 1098 ήδη
906 1029 1110 1108 φθέγγομαι,
1137 1027 1212 1084 ἀλλ’
1242 1029 1354 1086 οὐκέτι
1381 1028 1536 1110 διθυράμ-

362 1126 377 1176 5
410 1117 499 1186 ὅους.
517 1147 530 1176 ν
547 1124 640 1180 Οίκεῖα
654 1121 683 1180 δέ
698 1124 731 1180 τά
745 1121 796 1196 έπη
809 1126 855 1182 καί
873 1128 890 1194 ά,
906 1126 1010 1182 τούτων
1023 1123 1162 1205 έμμετρυς
1182 1129 1227 1184 καὶ
1246 1126 1358 1192 εύλυτος
1379 1127 1536 1207 ἐπαγγελία

408 1227 448 1294 τῷ
461 1218 534 1294 θείῳ
550 1221 746 1298 ἐνθουσιασμῷ,
764 1224 855 1302 ὥσπερ
873 1227 890 1295 ί,
910 1223 1007 1281 σκολιά
1018 1227 1063 1281 καί
1078 1223 1290 1290 δυσκατάστατος
1307 1225 1462 1303 ἀπαγγελία
1477 1233 1534 1292 τοῖς

410 1316 593 1400 διθυράμθοις.
612 1321 766 1378 [Ιαύσασθιιι
781 1320 828 1378 ούν
847 1319 977 1398 βούλεται
997 1325 1011 1379 ὁ
1028 1324 1188 1403 Σωκράτης,
1205 1325 1294 1402 ὥσπερ
1311 1320 1444 1399 συμόόλῳ
1458 1349 1479 1405 χ
1481 1325 1535 1404 ρώ-

410 1440 491 1492 μενος
512 1418 610 1498 μέτρον
631 1419 703 1494 αύτῷ
722 1418 795 1501 ἔχειν
813 1420 858 1478 τὸν
877 1419 962 1499 λόφον
979 1427 1018 1495 τῷ
1034 1417 1159 1501 έμμετρα
1177 1422 1249 1496 αύτῷ
1269 1420 1468 1494 ἐπεληλυθέναι
1483 1421 1533 1494 ἐπα,

410 1517 504 1577 εἰπεῖν.
522 1519 570 1574 Καὶ
584 1518 636 1598 γάρ
650 1517 677 1575 έν
692 1524 750 1584 τοῖς
767 1517 905 1593 μαντείαις
921 1521 947 1575 οί
962 1519 1153 1584 ἐνθουσιῶντες
1165 1517 1288 1599 ἔμμετρα
1298 1521 1473 1600 φθέγγονται,
1488 1523 1536 1578 Διά

348 1625 378 1674 10
409 1613 436 1671 τί
454 1613 482 1672 δέ
496 1617 511 1671 ὁ
525 1617 673 1695 Σωκράτης
687 1623 859 1696 παραιτεῖται
876 1617 1041 1674 ένθουσιάσαι
1056 1619 1102 1674 καί
1120 1618 1237 1699 κάτοχος
1250 1618 1373 1696 γενέσθαι
1389 1625 1448 1684 ταῖς
1462 1620 1535 1695 Νύμ-

408 1733 484 1794 φαις;
501 1713 548 1786 Ἦ,
563 1715 627 1794 ὅπερ
644 1711 772 1790 είπομεν,
788 1713 879 1787 ἐπειδή
893 1724 942 1787 τῆς
955 1715 1085 1794 γενέσεως
1101 1713 1278 1796 προστάάιδές
1292 1715 1357 1773 εἰσιν
1371 1719 1398 1773 αί
1412 1717 1533 1798 Νύμφαι,

409 1814 436 1870 αί
456 1813 503 1887 μέν
523 1815 572 1884 τήν
594 1811 709 1892 ἀλογίαν
728 1819 859 1890 κινοῦσαι,
884 1816 912 1870 αἳ
930 1812 959 1871 δέ
977 1816 1027 1884 τήν
1047 1815 1135 1895 φύσιν,
1152 1817 1181 1871 αἳ
1194 1813 1222 1871 δέ
1241 1815 1274 1870 τά
1293 1815 1409 1889 σώματα
1429 1815 1534 1895 ἐπιτρο-

406 1912 548 1983 πεύουσαι,
568 1899 665 1976 Ναίδες
686 1911 715 1967 τέ
735 1934 802 1976 τινες
823 1913 868 1969 καὶ
890 1911 1070 1991 Ἁμαδρυάδας
1093 1913 1139 1969 καί
1161 1910 1329 1992 Ὀρεστιάδες
1354 1912 1532 1988 καλούμεναι,

407 2011 468 2088 περί
487 2009 634 2087 ἀναγωγήν
653 2008 681 2068 δέ
702 2010 848 2079 ἐσπούδαζε
867 2016 960 2092 ψυχῆς
981 2013 994 2066 ό
1017 2011 1176 2092 Σωκράτης,
1193 2012 1243 2080 τήν
1263 2011 1356 2091 ψυχήν
1375 2013 1423 2082 τήν
1440 2011 1534 2068 {au-‚05

347 2115 375 2163 15
409 2107 450 2164 ἀεὶ
471 2108 608 2186 περιάγων
630 2107 672 2166 ἐπὶ
692 2109 724 2166 τά
745 2111 830 2181 νοητά
850 2111 895 2166 καί
917 2107 988 2166 άυλα
1010 2107 1071 2181 είδη
1092 2111 1138 2165 καὶ
1159 2109 1191 2165 τά
1213 2115 1268 2173 τοῖς
1285 2105 1366 2173 θεοῖς
1391 2111 1531 2183 ήνωμένα,

408 2208 517 2273 εἰκότως
537 2214 708 2286 παραιτεῖται
730 2209 761 2264 τὸ
782 2208 900 2288 κάτοχος
924 2209 974 2265 ὑπὸ
996 2213 1050 2264 τῶν
1076 2213 1195 2288 Νυμφῶν
1216 2208 1348 2286 γενέσθαι.
1369 2207 1465 2282 Ιἐλλλῳ
1483 2208 1533 2286 γάρ

408 2303 476 2362 άλλα
492 2307 607 2376 καθήκει
623 2307 668 2362 καί
683 2303 762 2380 άλλῳ
779 2306 844 2385 πρὸς
857 2303 960 2370 άλλους
977 2307 1121 2377 οἰκειότης·
1139 2306 1178 2370 ὡς
1196 2307 1218 2362 εί
1234 2303 1326 2383 ἔλεγεν
1341 2307 1355 2362 ὁ
1373 2305 1530 2384 Σωκράτης·

409 2430 422 2457 ι
441 2404 472 2460 οὗ
491 2401 628 2481 βούλομαι
645 2405 705 2483 περὶ
725 2405 756 2460 τό
771 2401 864 2461 ἐνυλον
878 2402 985 2469 κάλλος
1003 2403 1149 2476 ἐνθουσιάν,
1166 2401 1230 2460 ἀλλ’
1246 2400 1308 2459 ούδέ
1323 2403 1384 2482 περί
1400 2404 1431 2459 τὸ
1450 2404 1532 2477 μέσον

405 2503 436 2558 τὸ
459 2503 573 2582 ψυχικὸν
596 2501 714 2577 ίδιωμα,
736 2502 799 2582 περί
823 2501 974 2577 ἐπιστήμας
996 2503 1042 2559 καί
1065 2503 1159 2581 ἀρετάς
1181 2503 1226 2558 καί
1248 2502 1311 2580 περί
1335 2501 1380 2557 τόν
1405 2501 1531 2580 σώφρονα

343 2606 374 2658 20
406 2599 503 2679 έρωτα,
520 2599 594 2658 ἀλλὰ
612 2603 673 2680 περὶ
686 2602 736 2672 τήν
750 2601 843 2680 νοεράν
858 2601 902 2656 καί
915 2598 998 2657 θείαν
1012 2609 1061 2672 τῆς
1077 2603 1167 2680 ψυχῆς
1182 2599 1325 2678 ἐνέργειαν·
1344 2621 1359 2651 ν
1378 2599 1400 2656 εί
1415 2600 1466 2676 γάρ
1484 2599 1529 2654 καί

405 2699 486 2757 καλοί
505 2701 531 2756 οί
550 2700 611 2779 περὶ
630 2700 693 2764 τούς
716 2701 813 2774 μέσους
834 2698 934 2778 λόγους
947 2707 997 2770 τῆς
1013 2703 1104 2779 ψυχῆς
1120 2699 1308 2771 ἐνθουσιασμοὶ
1324 2699 1401 2768 καῖή
1421 2693 1531 2776 θεωρία

404 2801 421 2868 ἡ
443 2798 502 2876 περί
525 2798 590 2854 αὐτά
608 2800 654 2854 καί
673 2799 705 2854 τά
724 2799 837 2870 αἰσθητά
855 2800 900 2854 καίΙ
922 2797 1032 2854 σύνθετα
1052 2795 1156 2870 κάλλη,
1176 2794 1237 2854 ἀλλ’
1255 2794 1302 2853 οὗν
1316 2793 1469 2874 κοιλότεροι
1484 2795 1529 2851 καὶ

404 2895 608 2976 καταδεέστεροί
630 2896 696 2952 εἰσιν
717 2897 755 2959 ὡς
777 2897 845 2974 πρὸς
867 2899 916 2968 τήν
937 2893 1018 2976 άκραν
1039 2901 1087 2954 τοῦ
1111 2895 1270 2976 Σωκράτους
1292 2892 1427 2973 θεωρίαν,
1446 2891 1531 2972 Ὅπερ

405 2995 451 3053 ούν
466 2996 526 3075 περὶ
542 3001 589 3052 τοῦ
607 2994 773 3074 δημιουργοό
791 2995 896 3073 εἴρηται
912 2993 939 3050 ἐν
953 2995 1082 3069 Τιμαίῳ
1100 2993 1141 3050 θ’τι
1158 3019 1171 3048 ι(
1189 2999 1273 3050 ταῦτα
1288 2993 1371 3050 είπὼν
1386 2997 1444 3055 τοῖς
1459 2991 1529 3054 νέοις

342 3097 373 3147 25
404 3092 485 3157 θεοῖς
502 3094 633 3174 ἐνεχώρει
650 3094 696 3156 είς
709 3095 767 3164 τήν
779 3095 896 3150 ἐαυτοῦ
911 3095 1095 3172 περιωπήν,
1112 3119 1126 3148 ν
1140 3099 1220 3149 τοῦτο
1233 3093 1278 3148 καί
1293 3097 1338 3148 νῦν
1353 3092 1367 3146 ὁ
1384 3091 1530 3169 Σωκράτης

405 3191 542 3273 διατρίψας
564 3195 627 3269 περὶ
647 3193 708 3256 τούς
731 3192 826 3266 μέσους
849 3192 949 3270 λόγους
971 3200 1020 3263 τῆς
1041 3195 1133 3271 ψυχῆς
1154 3191 1200 3246 καί
1216 3189 1296 3266 ψέξας
1317 3191 1363 3246 τὸν
1379 3188 1529 3244 ἀκόλαστον

404 3287 490 3372 ἐρωτα
503 3292 548 3347 καί
564 3289 730 3367 καταλείψας
747 3297 786 3364 τῷ
801 3289 911 3368 Φαίδρῳ
929 3288 972 3371 ἐφ’
987 3291 1081 3346 ἑαυτοῦ
1097 3287 1248 3369 προθαλεῖν
1263 3289 1324 3352 τοὺς
1338 3288 1397 3367 περί
1411 3291 1459 3342 τού
1474 3286 1528 3342 σώ-

403 3412 501 3471 φρονος
518 3387 617 3469 έρωτος
634 3388 746 3468 λόγους,
763 3389 914 3469 ἀναχωρεῖν
931 3389 1061 3466 βούλεται
1080 3390 1125 3452 είς
1143 3391 1202 3458 τήν
1217 3389 1338 3444 ἑαυτοῦ
1358 3385 1529 3464 περιωπήν

402 3491 447 3546 καί
469 3489 515 3553 τάς
533 3489 627 3568 νοεράς
649 3487 795 3567 ἐνεργείας,
816 3488 850 3543 Τὸ
873 3485 902 3543 δέ
921 3487 1040 3568 ἐφεστὼς
1058 3485 1199 3561 δαιμόνιον
1216 3483 1370 3564 διακατέχει
1390 3482 1471 3540 αύτὸν
1491 3480 1529 3538 ἐτι

341 3597 372 3647 30
403 3589 462 3666 περί
475 3589 527 3658 τήν
538 3589 643 3665 γένεσιν
656 3585 700 3643 ’ίνα
715 3585 883 3657 τελεώσηται
897 3585 942 3641 τόν
959 3585 1040 3662 λόγον
1055 3586 1099 3640 καί
1113 3583 1308 3663 προενέγκηται
1325 3583 1388 3646 τούς
1403 3582 1464 3659 περί
1480 3585 1528 3636 τού

402 3683 484 3743 θείου
505 3687 549 3742 καί
570 3687 714 3763 άναγωγυύ
733 3681 832 3764 ἐ’ρωτος
859 3682 971 3762 λόγους.
991 3682 1077 3762 Ἐ’ίιρα
1099 3685 1149 3763 γάρ
1176 3686 1225 3752 τήν
1252 3679 1455 3753 ἐπιτηδειότητα
1480 3683 1527 3736 τοῦ

433 3906 448 3954 9
461 3904 503 3956 διὰ
514 3932 545 3940 -
557 3904 586 3953 13
598 3899 752 3966 καλούμεναι
767 3901 823 3964 iam
834 3901 918 3952 edidit
931 3901 991 3952 νιν
1003 3903 1098 3952 Οοειιε
1111 3901 1144 3952 ad
1156 3903 1257 3966 Porph.
1268 3901 1301 3951 de
1311 3905 1396 3951 antro
1410 3900 1527 3968 nymph.

402 3975 577 4042 p.101exP
640 3974 670 4024 11
687 3978 789 4038 εἴπομεν
804 3975 844 4036 55,
859 3972 888 4025 11
905 3975 971 4024 6113
1035 3974 1065 4022 19
1081 3976 1108 4024 τὸ
1124 3973 1419 4040 ψυχικόν-Ξθέρωτα
1433 3973 1469 4023 (εί.
1484 3973 1525 4030 47,

401 4049 475 4100 21127
537 4049 568 4097 24
586 4045 656 4097 Tim.
673 4048 703 4096 41
723 4047 764 4096 C:
782 4045 829 4098 sed
848 4047 932 4098 verba
951 4059 1013 4110 quae
1034 4053 1187 4108 sequuntur
1204 4045 1232 4093 in
1253 4043 1526 4094 Potiti‹·02721⁴:1e-

404 4127 507 4186 guntur

433 4242 494 4292 'rlT
510 4241 541 4292 13
555 4241 611 4307 περί
627 4239 740 4302 Νυμφῶν
758 4239 782 4286 Α
796 4251 803 4287 :
819 4237 932 4302 Νυμφῶν
949 4238 1061 4300 ὀνόματα
1077 4235 1097 4284 C

434 4369 481 4419 Nc
497 4367 512 4417 2
523 4367 561 4417 διὸ
572 4392 603 4401 -
613 4365 626 4414 3
637 4363 714 4421 πάθος
726 4361 826 4413 seclusi
840 4367 869 4412 ut
879 4375 915 4411 ex
930 4363 969 4422 51,
981 4359 1057 4410 13-16
1069 4359 1182 4423 repetita
1246 4359 1260 4408 1
1276 4355 1322 4421 ήδη
1334 4359 1380 4420 ἔπη
1392 4357 1462 4408 Ρ1οι.

402 4441 433 4490 10
447 4441 474 4492 δέ
485 4453 539 4488 om.
550 4439 571 4486 P
636 4437 666 4484 12
680 4431 795 4500 ἀλογίαν]
807 4436 943 4497 ἀναλογίαν
955 4433 1009 4482 ΜΡ
1077 4433 1103 4481 13
1117 4429 1210 4496 ναίδις]
1221 4433 1332 4488 νεανίδες
1343 4427 1525 4493 suprascripto

400 4509 483 4568 ναίδις
499 4511 521 4560 Β
536 4524 541 4558 :
559 4511 668 4566 νεανίδες
686 4506 739 4556 ΜΡ
755 4522 762 4556 :
780 4505 880 4563 ναιαίδες
898 4509 955 4554 Αετ
967 4505 1052 4565 (idem
1069 4502 1228 4564 conjecerat
1245 4501 1306 4550 νιν
1323 4502 1426 4560 ιὶυιιιιιλ
1490 4499 1525 4565 τέ]

402 4585 430 4634 δι’
454 4583 527 4634 ΜΡ,
572 4580 602 4630 11
622 4583 755 4644 ἀναγωγῆς
781 4578 808 4626 Μ
874 4577 904 4626 25
926 4573 1059 4642 σἰνεχωρει]
1085 4573 1232 4642 ἀνεχώρησε
1259 4573 1285 4621 Μ
1352 4574 1428 4623 αὑτοῦ
1454 4571 1523 4622 plat.

400 4653 485 4704 0128
546 4651 577 4701 29
594 4651 693 4716 ἑφεοτδς
709 4648 737 4697 Μ
756 4663 760 4697 :
782 4647 817 4697 οί.
839 4645 1070 4696 Kouma-&Ass
1089 4645 1103 4710 ᾖ
1120 4646 1175 4704 317,
1194 4645 1208 4693 3
1272 4643 1302 4692 30
1319 4641 1479 4704 τελιιὼσηται
1495 4641 1523 4689 Μ

465 4719 654 4790 προενέγκηται]
669 4723 866 4786 προσενέγκηται
882 4719 911 4767 M
