3600 5734
410 611 457 664 19⁰
785 603 927 657 mmor
948 601 1144 656 ΦΙΛΟΣΟΦΟΥ

316 763 396 828 μαθῦ
414 756 565 823 άπόπτωσις
580 763 628 844 ροῦ
646 755 744 840 έριυτος
762 757 831 833 δηλη
850 759 891 818 όπι
909 758 1042 836 ἓτοιμοέ
1059 759 1111 819 ελσι
1127 759 1173 817 καὶ
1195 759 1201 841 Ι
1223 758 1335 826 έαυτοῦς
1356 759 1401 818 καὶ
1417 760 1451 818 τά
1467 781 1536 817 παι-

411 853 480 934 δικά,
497 855 542 913 lav
560 855 700 916 ἀδικῶνται
714 857 765 916 όπδ
778 864 833 916 τῶν
849 857 991 932 παιδικῶν,
1007 857 1197 940 όποσράττειν·
1215 861 1234 930 η
1249 855 1278 915 ἃ
1291 857 1396 939 Βεωρέα
1410 859 1441 915 τό
1461 858 1537 930 οἰη-

411 958 509 1012 θιῦοιν
527 952 714 1015 ἀδικεῖσθαι
730 961 810 1016 τοῦτο
824 955 897 1036 λέγει
914 957 945 1014 τὸ
964 955 1003 1014 ἔτι
1018 959 1176 1039 κατάγεσθαι
1194 957 1244 1028 την
1259 957 1352 1038 ψυχὴν
1367 956 1394 1014 έν
1409 961 1444 1034 τῇ
1461 956 1536 1032 ῦλη·

410 1051 440 1109 ἐκ
454 1051 482 1110 δε
499 1059 547 1112 τοῦ
565 1057 778 1136 καθιερεῦσαι
797 1053 939 1128 δηλονότι
954 1055 1195 1137 Βεωρητικώτερόν
1208 1077 1249 1121 τις
1264 1055 1331 1112 αὐτά
1344 1056 1454 1138 όρεέλει
1470 1052 1537 1127 δξη·

363 1157 378 1208 5
410 1153 551 1232 γήσααθαι·
567 1154 598 1211 τὸ
612 1155 663 1236 γάρ
676 1158 887 1236 καθιερεῦσαι
902 1154 945 1212 έπῖ
961 1155 1041 1221 Βεέας
1053 1156 1125 1220 τινὸς
1142 1153 1280 1236 άγιστεέας
1297 1153 1415 1236 λέγεται.

449 1308 506 1382 μα’.
530 1307 588 1364 Καὶ
608 1307 694 1365 οθτω
714 1306 788 1366 καθ’
808 1305 947 1366 έκαστον
968 1305 1062 1390 θεόν]
1085 1308 1143 1368 252
1167 1307 1206 1368 D.

447 1445 499 1504 Δῦο
511 1447 601 1529 ιθσιιερ
615 1447 823 1530 <άνωτέρω>
834 1447 919 1507 εἶπάν
931 1447 1027 1530 ἀρχάς,
1040 1447 1091 1518 την
1103 1452 1151 1505 τοῦ
1167 1448 1227 1512 Διὸς
1242 1448 1287 1504 καὶ
1303 1449 1353 1520 τὴν
1363 1452 1412 1506 τοῦ
1424 1446 1536 1527 Ἄρεος,

407 1544 457 1615 τήν
477 1545 526 1622 μλν
545 1546 686 1627 σταθερὰν,
705 1549 756 1620 την
772 1544 801 1604 δε
819 1549 970 1620 κινητικὴν,
989 1544 1052 1604 καθ’
1066 1545 1218 1622 ὁμοιότητα
1235 1546 1282 1604 καὶ
1301 1545 1345 1602 έπὶ
1362 1551 1418 1603 τῶν
1437 1543 1539 1604 ἄλλων

407 1647 481 1700 Βεῖυν
501 1639 641 1720 λαμῦάνει.
663 1645 735 1718 Δῦτη
754 1645 805 1726 γάρ
824 1644 896 1703 έστιν
911 1643 1068 1720 εὐδαιμονία
1081 1648 1184 1726 ψυχῆς,
1198 1645 1231 1702 τό
1245 1641 1372 1702 δύνασθαι
1388 1647 1538 1719 μιμεῖσθαι

346 1737 377 1791 1⁰
407 1741 454 1800 τὸν
468 1743 569 1801 οἰκεῖον
584 1743 661 1816 θεὸν,
677 1743 727 1817 όση
744 1741 856 1819 δύναμις
876 1745 992 1819 έκάστῳ,
1010 1739 1073 1808 έως
1090 1741 1127 1800 δν
1150 1744 1187 1819 ζῇ
1206 1742 1253 1800 τῦν
1274 1741 1388 1801 ένταῦθα
1408 1743 1470 1822 βέον
1491 1742 1535 1818 μὴ

409 1837 610 1922 διεφθαρμένος.
630 1877 670 1889 -
688 1843 723 1900 Τὸ
743 1841 771 1900 δὲ
790 1839 992 1924 ἀδιάφθορος
1011 1841 1095 1914 εἶπεν,
1109 1840 1154 1898 θνα
1168 1843 1214 1917 ’μη
1233 1840 1388 1898 ἀπόπτωσιν
1407 1837 1463 1922 ἔχη
1481 1845 1539 1898 τοῦ

407 1938 511 1999 τοιοῦδε
529 1935 642 2021 ἔρωτος.
661 1975 701 1986 -
719 1941 857 2021 Πρώτην
876 1937 906 1998 δέ
923 1940 1065 2020 γένεσιν,
1086 1939 1124 2005 ὡς
1144 1937 1198 2012 η’δη
1219 1939 1280 1998 εἶπε
1299 1940 1362 2020 περὶ
1382 1943 1436 1997 τῶν
1456 1937 1538 1996 έννάα

410 2036 491 2117 βόων,
506 2041 556 2112 τὴν
570 2039 624 2098 άπὸ
638 2045 686 2098 τοῦ
702 2045 811 2113 νοητοῦ.

448 2189 507 2271 μθ’.
531 2194 591 2253 Τόν
612 2217 647 2254 τε
669 2192 727 2254 οῦν
748 2190 864 2276 ἔρωτα]
886 2194 947 2256 252
967 2194 1006 2259 Ι).

346 2340 376 2391 15
449 2333 555 2408 Ἐπειδὴ
570 2337 661 2418 ὥσπερ
676 2336 788 2395 ἐνταῦθα
801 2337 832 2394 τὸ
846 2333 959 2416 άγαλμα
969 2340 1095 2413 τιμῶμεν
1108 2334 1140 2393 οῦ
1155 2331 1200 2392 διά
1213 2335 1243 2394 τῦ
1258 2335 1449 2410 ὑποκαόμενον,
1463 2333 1536 2392 ἀλλὰ

409 2431 452 2492 διὰ
465 2435 513 2493 τόν
527 2436 605 2513 ἐνεόν,
620 2437 667 2494 τόν
682 2435 762 2495 αὐτόν
777 2435 878 2517 τρόπον
893 2436 939 2492 καὶ
954 2434 1068 2493 ἐνταῦθα
1083 2437 1142 2492 οἷον
1156 2432 1240 2513 άγαλ
1245 2456 1289 2510 μα
1302 2435 1387 2513 έαυτῷ
1401 2435 1449 2493 τὸν
1464 2433 1536 2514 δρώ-

410 2555 491 2611 μενον
508 2541 595 2593 ποιεῖ·
618 2533 726 2613 βλέπων
743 2535 794 2615 γάρ
813 2534 853 2600 εἱς
871 2533 950 2592 αῦτδν
968 2533 1013 2590 καὶ
1031 2533 1312 2610 ἀναμιμνῃσκόμενος
1328 2539 1377 2590 τοῦ
1395 2530 1533 2606 κάλλους,

408 2632 576 2710 τουτέστιτῇ
591 2631 695 2706 διανοέᾳ
711 2632 831 2711 βλέπων,
845 2633 893 2691 καὶ
907 2631 1076 2707 ἀναπέμπων
1088 2639 1170 2689 τοῦτο
1182 2631 1213 2688 τό
1227 2629 1333 2696 κάλλος
1347 2633 1386 2696 εἰς
1400 2632 1435 2689 τά
1449 2631 1535 2705 νοητά

409 2729 479 2805 εἴδη,
493 2733 538 2789 καὶ
556 2737 658 2811 γεννῶν
672 2733 831 2810 γεννήματα
843 2736 919 2804 Βεῖα,
934 2733 979 2788 καθ
990 2727 1126 2788 παιδεόων
1140 2730 1174 2787 τά
1185 2728 1308 2804 παιδικά,
1325 2730 1440 2809 γόνιμος
1454 2730 1535 2809 γένε-

346 2829 379 2882 2⁰
409 2849 453 2886 ται
465 2831 510 2886 καὶ
523 2835 603 2908 γεννᾷ
616 2830 710 2910 ἀρετάς
723 2829 768 2888 καὶ
782 2828 867 2887 πάντα
881 2829 932 2886 όσα
945 2826 973 2887 έν
986 2833 1045 2895 τοῖς
1065 2823 1127 2902 έξῆς
1146 2828 1231 2910 λέγει,
1249 2827 1418 2907 βουλόμενος
1440 2825 1534 2894 άνάξαι

412 2928 450 2992 εἱς
465 2927 512 2987 τόν
526 2929 625 2988 οέκιῑον
638 2929 704 2988 θεὸν
718 2929 752 2986 τά
765 2925 887 2990 παιδικά.

452 3087 511 3166 ιγ’·
534 3087 571 3144 ⁰1
594 3085 651 3162 μὲν
673 3083 727 3144 οὖν
747 3083 784 3157 δὴ
801 3081 889 3165 Διός]
912 3084 970 3144 252
992 3081 1029 3144 ιι.

450 3227 496 3286 Ἐκ
509 3236 558 3287 τοῦ
574 3229 636 3295 Διὸς
649 3229 696 3287 τόν
715 3227 897 3311 ριλόσορον
914 3229 970 3287 καὶ
988 3229 1194 3308 ἡγεμονικόν
1212 3229 1272 3300 τὴν
1291 3229 1387 3311 ριἰοιν
1405 3227 1531 3307 βούλεται

412 3327 492 3401 εἶναι,
510 3326 553 3386 διά
570 3335 618 3386 τοῦ
636 3330 806 3407 ἡγεμονικοῦ
820 3327 852 3386 τὸ
874 3329 1007 3410 ὑπερέχον
1022 3325 1111 3401 δηλῶν
1125 3334 1173 3385 τοῦ
1189 3325 1320 3386 δεσπότου
1335 3327 1409 3392 Διός.
1426 3327 1534 3385 Ἔοικεν

347 3428 379 3480 25
412 3424 459 3485 οῦν
472 3426 674 3506 ἡγεμονικόν
687 3427 734 3484 τὸν
749 3425 860 3508 ἀρχικὸν
875 3425 964 3506 λέγειν
979 3427 1025 3484 τόν
1038 3427 1106 3484 κατά
1118 3427 1149 3483 τό
1164 3421 1342 3507 ἐξῃρημένον,
1358 3424 1533 3504 βασιλικὸν

411 3523 439 3582 δέ
453 3525 498 3584 τόν
508 3527 578 3584 κατά
590 3526 622 3583 τὸ
636 3527 855 3606 συντεταγμένον·
875 3528 889 3582 ό
904 3529 955 3608 γάρ
972 3525 1114 3605 βασιλικός
1130 3525 1163 3584 τὰ
1179 3527 1264 3607 μέτρα
1279 3523 1386 3606 δέχεται
1399 3527 1473 3606 παρά
1486 3529 1533 3582 τοῦ

411 3624 572 3707 ριλοσόιρου.
586 3659 626 3670 -
641 3607 716 3682 Δῖον
730 3622 769 3700 δὲ,
785 3623 905 3683 τουτέστι
919 3623 998 3686 δέιον.

453 3778 510 3858 μδ.
536 3779 605 3838 Ἐάν
626 3778 682 3839 οῦν
704 3782 748 3858 μὴ
769 3777 940 3864 πρότερον]
962 3781 1021 3840 252
1044 3777 1082 3839 Ε.

451 3933 591 3993 Τουτέοτιν
605 3933 652 3992 έάν
667 3937 752 4010 μήπω
768 3937 880 4011 μνήμην
899 3931 1010 4016 ἔχοντες
1027 3937 1082 3992 τῶν
1102 3931 1170 4006 ἐκεῖ,
1188 3929 1258 4008 μηδὶ
1274 3929 1372 3997 εἰδότες
1387 3929 1470 3988 πόθεν
1482 3950 1533 4012 χα·

442 4165 458 4215 7
475 4165 592 4233 άνωτέρω
606 4165 642 4216 of.
655 4163 710 4225 189,
725 4165 756 4216 10
818 4164 849 4216 12
865 4163 912 4229 ἤδη
926 4163 974 4216 248
986 4163 1010 4214 D
1024 4163 1060 4216 οέ.
1074 4163 1170 4215 Herm.
1186 4162 1222 4214 ad
1235 4163 1288 4215 loc.

443 4289 506 4342 TIT
522 4291 552 4344 15
567 4292 596 4343 τῦ
611 4292 713 4358 ἄγαλμα
723 4296 824 4356 τιμᾶται
840 4291 882 4342 διὰ
895 4292 937 4342 τὀν
952 4291 1007 4342 θεόν
1021 4289 1042 4341 C

444 4409 493 4462 NG
512 4408 527 4463 1
549 4410 622 4476 δήλη]
642 4410 735 4476 δηλοίθ
798 4410 814 4460 4
834 4408 1004 4479 καθιερεῦσαι]
1027 4411 1138 4478 έιριῦσαι
1157 4408 1212 4460 ME
1233 4424 1240 4461 :
1263 4403 1415 4477 καθιεροῦσιν
1435 4409 1473 4457 Α·

412 4479 581 4548 θάγιστεέας]
597 4485 684 4548 άγνέας
704 4485 742 4533 A·
803 4481 891 4544 θκαέ,
910 4502 926 4534 κ
943 4482 1017 4534 rubr.
1037 4486 1061 4531 A
1123 4481 1274 4549 7ἁνωιέρω
1289 4479 1384 4534 addidi
1446 4476 1478 4531 10
1493 4475 1532 4552 ζῇ]

412 4547 517 4628 ᾖΡΙεε.
581 4555 611 4604 13
627 4553 787 4618 metipsi
804 4569 811 4605 ι
830 4563 879 4606 τῶν
897 4553 959 4604 libri
1022 4552 1053 4605 14
1068 4555 1121 4616 τόν,
1138 4572 1151 4604 ι
1170 4553 1245 4603 rubr.
1263 4555 1287 4603 Α
1351 4551 1381 4602 17
1397 4552 1433 4610 εἰς
1450 4545 1535 4613 αὐτόν]

413 4626 475 4692 πρός
492 4625 553 4677 αῦτδ
569 4625 596 4675 Μ
661 4625 692 4676 19
707 4622 811 4693 γεννῶν]
827 4629 920 4691 γηίνων
936 4624 990 4676 ΜΕ
1012 4625 1101 4691 (γενῶν
1116 4625 1160 4688 Αέ)
1223 4623 1255 4675 22
1273 4629 1306 4685 οέ,
1324 4643 1338 4675 ο
1357 4621 1433 4674 rubr.
1447 4625 1472 4673 Λ

413 4695 444 4747 2³
465 4701 493 4748 εκ
510 4701 555 4748 τοῦ
577 4698 636 4756 Διὸς
659 4710 714 4748 om.
734 4696 764 4747 M
827 4696 859 4747 26
880 4699 1058 4762 ἐπιτεταγμένον
1085 4696 1113 4748 Μ
1139 4695 1205 4758 (jam
1228 4699 1385 4747 correxerat
1404 4697 1472 4756 Αετ)

413 4767 444 4822 27
461 4765 532 4834 Δῖον]
545 4769 576 4820 δι’
590 4767 618 4820 όν
634 4769 702 4820 plat.
716 4767 892 4821 οοό.Βδιιδν
906 4767 1005 4820 ood.'l'
1067 4766 1315 4830 28έάν,έι·ωθε.Α
1379 4763 1535 4831 θθμῆδέΑ
