3660 5686
387 659 418 710 78
770 647 911 702 mmor
932 647 1128 698 ΦΙΛΟΣΟΦΟΥ

289 803 355 870 [1001
388 803 427 868 είς
449 802 533 873 αὐτὴν
551 801 597 858 τὸν
614 807 688 862 νοῦν.
710 797 855 880 ’Δπίρροια
873 793 920 858 οῦν
935 800 1031 858 τοῦτου
1050 805 1098 858 τοῦ
1118 805 1218 872 νοητοῦ
1235 799 1357 866 κάλλους
1376 798 1508 858 ἐνδίδοται

387 905 421 978 τῇ
448 901 503 978 ῦλῇ
529 897 572 957 διὰ
597 904 646 971 τῇς
671 895 841 980 ’Δφρυδίτης,
866 899 928 979 περὶ
949 901 983 971 ἧς
1008 899 1152 978 ἀπορροίας
1176 897 1298 962 κάλλους
1323 900 1458 979 μα’χονται
1481 901 1508 956 οί

387 995 524 1071 ’Έλληνες
537 997 575 1062 ῶς
590 993 742 1076 ἀνθρώπου.
760 999 810 1054 Καί
824 997 851 1054 οἳ
864 997 913 1072 μἐν
925 999 1180 1076 κατακρατήσαντα
1193 1005 1244 1069 τῆς
1258 995 1327 1068 ὕλης
1338 998 1384 1054 καί
1396 1018 1432 1054 κα
1438 991 1507 1062 ,εξα-

388 1095 531 1160 νασταντες
545 1093 629 1166 αὐτῆς
637 1094 802 1176 ἀπέρχονται
815 1095 859 1153 ίπί
874 1095 905 1152 τὸ
915 1095 1014 1166 νοητὸν
1025 1098 1075 1167 τήν
1087 1093 1172 1160 ὅντως
1185 1093 1309 1174 πατρίδα,
1320 1097 1345 1152 οί
1360 1093 1389 1152 δέ
1402 1094 1429 1152 ίν
1439 1094 1509 1171 αὐτῇ

341 1197 355 1246 5
387 1193 580 1267 καθάπτονται,
597 1191 642 1250 οία
656 1192 689 1266 δὴ
704 1197 805 1267 <ἡ>
818 1199 874 1251 τῶν
888 1191 1003 1251 πολλῶν
1023 1195 1093 1266 ζωῇ.
1114 1191 1220 1272 Ὥσπερ
1239 1192 1287 1251 οὖν
1305 1192 1333 1250 ίν
1352 1191 1510 1264 Πολιτείᾳ

389 1293 560 1372 ὁπροφήῗῦς
575 1291 703 1371 προλέγει
717 1299 776 1356 ταῖς
792 1295 893 1372 ψυχαῖς
908 1297 968 1355 πῶς
984 1287 1016 1347 ίίν
1030 1292 1170 1372 ιίναχθῶσι
1184 1291 1230 1348 καί
1251 1292 1299 1358 τὰς
1317 1293 1450 1371 μυριὲτεις
1465 1291 1509 1346 καί

387 1389 519 1471 χιλιέτεις
533 1393 588 1446 τῶν
603 1391 698 1469 ψυχῶν
713 1386 861 1469 περιόδους,
877 1389 950 1445 οῦτοι
964 1388 1010 1445 καί
1028 1387 1056 1445 ίν
1070 1393 1128 1452 τοῖς
1142 1386 1278 1461 Ἓλλησιν
1292 1391 1308 1445 ὁ
1323 1389 1433 1470 Κθλχας
1447 1410 1511 1468 προ-

389 1487 465 1567 λέγει
483 1487 526 1546 διδ
545 1486 609 1546 δέκα
628 1486 696 1544 ίτῶν
715 1487 860 1559 δπανιίναι,
881 1492 929 1545 τοῦ
948 1485 1012 1545 δέκα
1031 1487 1148 1567 ἀριθμοῦ
1167 1485 1277 1553 τελείας
1296 1486 1425 1568 περιόδου
1444 1487 1510 1562 σύμ·

389 1583 474 1645 θολον
487 1585 627 1668 φέροντος.
640 1586 691 1642 Καί
702 1585 795 1666 ὥσπερ
808 1585 835 1642 έν
847 1593 904 1649 τοῖς
919 1585 997 1662 βίοις,
1010 1589 1066 1643 τῶν
1077 1589 1174 1666 ψυχῶν
1185 1589 1213 1644 αί
1224 1587 1273 1662 μὲν
1284 1586 1327 1644 διὰ
1338 1585 1510 1668 φιλοσοφίας,

328 1689 358 1740 10
389 1687 417 1742 αί
431 1683 460 1742 δέ
475 1681 510 1742 δι’
522 1685 663 1766 ἐρωτικῆς,
676 1686 704 1742 αί
717 1681 746 1742 δέ
760 1683 804 1742 διὰ
818 1690 866 1741 τοῦ
883 1681 1028 1762 βασιλικοῦ
1039 1685 1085 1741 καί
1098 1685 1251 1760 πολεμικοῦ
1265 1686 1422 1765 θνίγονται,
1438 1685 1511 1743 οῦτω
1553 1679 1556 1687 ’
1572 1671 1576 1681 ’

387 1783 433 1838 καί
455 1783 481 1840 οί
503 1779 641 1853 Ἓλληνες
661 1779 688 1838 οί
710 1782 759 1856 μὶν
779 1780 823 1839 διὰ
842 1782 1013 1862 φρονήσεως,
1034 1782 1061 1838 οἳ
1082 1781 1111 1838 δὶ
1132 1787 1171 1856 τῷ
1188 1783 1333 1857 πολεμικῷ
1353 1783 1370 1854 θ,
1392 1783 1512 1862 ἐρωτικῷ

388 1881 558 1959 κατορθοῦσι,
582 1878 627 1935 καὶ
653 1875 779 1959 διάφορος
803 1878 893 1944 αὐτοῖς
917 1876 1019 1956 γίνεται
1043 1881 1060 1950 ἡ
1086 1876 1226 1944 ίιταίνοδος.
1251 1879 1372 1960 ’Ἐχομεν
1396 1879 1443 1936 οῦν
1466 1879 1511 1936 καί

388 1977 504 2048 τούτων,
517 1977 553 2042 ῶς
567 1975 593 2032 έν
605 1982 662 2040 τοῖς
675 1976 875 2056 προκειμένοις,
889 1975 998 2056 μετρίαν
1010 1975 1162 2050 ἀνάπτυξιν,
1174 1979 1235 2057 περὶ
1249 1978 1288 2034 ῶν
1303 1978 1352 2034 οῦκ
1364 1978 1510 2040 ἀπεικὸς...

390 2073 570 2134 δνδείκνυσθαι
588 2075 635 2132 τδν
652 2073 788 2132 Πλάτωνα
803 2071 847 2131 διὰ
861 2081 910 2145 τῆς
924 2074 960 2138 εἰς
974 2074 1025 2145 τήν
1041 2071 1152 2146 Ἐλίνην
1172 2074 1341 2150 παλινῳδίας
1360 2076 1512 2157 συμφώνως

327 2180 358 2232 15
390 2179 449 2237 τοῖς
463 2173 651 2252 προκειμένοις
664 2172 707 2230 ὅτι
721 2172 775 2252 οὐχ
788 2173 803 2229 ὁ
817 2173 879 2265 ,περὶ
893 2172 924 2228 τδ
939 2171 1069 2243 αἰσθητὸν
1083 2174 1128 2228 καὶ
1143 2171 1239 2231 ἔνυλον
1253 2171 1355 2238 καλλος
1369 2169 1513 2253 διατρίθων

389 2271 481 2328 καὶτὸ
497 2269 524 2328 ίν
539 2269 656 2328 συνθέσει
670 2270 716 2327 καί
731 2265 782 2336 ἔξω
797 2269 857 2349 ῥίον
870 2270 930 2350 περί
951 2271 982 2326 τὸ
1003 2267 1087 2334 ὅντως
1106 2269 1135 2326 ὃν
1153 2268 1257 2336 κάλλος
1277 2267 1419 2350 διατρίθει,
1441 2269 1514 2328 ἀλλὰ

390 2367 432 2427 δεῖ
452 2368 548 2426 τοῦτου
571 2369 619 2444 μἐν
639 2368 790 2441 ἀποστῆναι
809 2373 858 2425 τοῦ
878 2363 981 2446 ίριυτος
1002 2369 1046 2425 καί
1067 2366 1201 2439 κάλλους,
1224 2367 1274 2426 κᾶν
1296 2370 1412 2451 ψυχικὸν
1432 2369 1450 2445 ῇ
1470 2369 1515 2424 καί

391 2464 537 2546 ἁυλῦτερον
549 2467 588 2531 ῶς
601 2467 668 2546 πρὸς
681 2466 712 2524 τὸ
727 2467 865 2538 αίσθητὸν,
876 2466 1018 2545 περιάγειν
1030 2463 1059 2522 δέ
1074 2467 1169 2524 ἑαυτὸν
1184 2467 1226 2525 ἰπὶ
1241 2469 1287 2524 τὸν
1302 2467 1514 2525 ίνθουαιαστικὸν

390 2565 436 2623 καί
456 2565 600 2645 ιἰναγιυγὸν
623 2563 709 2645 ἔρωτα
729 2566 855 2637 (aaz)
877 2563 920 2620 ίπὶ
940 2565 971 2622 τδ
993 2565 1091 2636 νοητὸν
1111 2565 1215 2630 καλλος
1239 2569 1284 2623 καί
1304 2569 1356 2637 τήν
1378 2567 1410 2624 ίν
1434 2573 1478 2640 τῷ
1499 2569 1514 2622 θ

329 2673 360 2724 20
391 2659 479 2720 ἔστιν
496 2661 581 2733 αὐτὴν
601 2661 734 2735 ἀληθειαν
754 2663 804 2732 τὴν
819 2663 857 2725 ῶς
874 2657 955 2732 θεὸν,
971 2661 1009 2726 ῶς
1023 2683 1103 2743 φησιν
1117 2661 1145 2720 έν
1158 2668 1193 2739 τῇ
1208 2661 1366 2737 παλινῳδία,
1384 2698 1422 2708 -
1435 2663 1470 2719 Τὸ
1486 2661 1514 2718 δέ

391 2762 447 2818 ἅτε
470 2761 629 2835 μουσικὸς
651 2757 694 2816 ῶν
715 2755 800 2837 ἔγνω
821 2761 881 2831 τὴν
902 2759 1012 2815 αἰτίαν
1033 2760 1090 2815 ἀντὶ
1108 2765 1166 2816 τοῦ·
1187 2762 1234 2817 ἅτε
1255 2758 1402 2835 μελοποιὸς
1417 2758 1456 2816 ῶν
1470 2759 1515 2815 καῖ

391 2861 442 2932 τήν
458 2858 589 2939 ἁρμονίαν
609 2858 809 2934 ἐπεσκεμμένος
824 2865 872 2916 τοῦ
889 2859 1003 2924 παντός.
1021 2894 1060 2903 -
1073 2861 1108 2916 Τὸ
1126 2857 1155 2916 δέ
1175 2859 1238 2938 έγῶ
1253 2859 1310 2918 οῦν
1325 2859 1513 2941 σοφώτερος

393 2957 525 3014 ίκείνων
544 2959 733 3033 γενήσομαι
752 2957 805 3037 οὐχ
820 2955 911 3022 οἰπλῶς
929 2957 1016 3028 εἶπεν,
1033 2955 1106 3015 ἀλλὰ
1120 2959 1270 3037 προσέθηκε
1288 2953 1362 3014 κατ’
1379 2955 1458 3013 αῦτὸ
1479 2977 1515 3034 γε

393 3059 500 3111 τοῦτο·
514 3052 545 3110 οῦ
559 3053 610 3133 γὰρ
622 3061 672 3124 τῆς
688 3052 838 3129 ἐμμελείας
851 3055 895 3111 καί
911 3055 1046 3134 είρωνείας
1059 3056 1093 3124 ἦν
1107 3055 1268 3134 Σωκριίτυυς
1282 3057 1313 3112 τὸ
1326 3055 1421 3112 ἑαυτὸν
1433 3054 1516 3110 εἰπεῖν

330 3165 360 3216 25
393 3152 548 3233 σοφώτερον
562 3157 617 3209 τῶν
630 3157 767 3225 ποιητῶν,
783 3150 857 3211 ἀλλὰ
870 3153 1021 3232 προσέθηκε
1034 3155 1066 3210 τὸ
1082 3153 1155 3210 κατ’
1173 3153 1250 3220 αὐτό
1268 3159 1347 3233 <γε
1363 3158 1514 3224 τοῦτο>,

393 3249 513 3307 τουτέστι
530 3251 562 3306 τδ
581 3249 717 3307 αἰσθέσθαι
735 3252 797 3329 πρίν
819 3245 957 3327 βλαθῆναι
976 3251 1006 3306 τὸ
1026 3250 1185 3330 ἁμάρτημα.
1209 3252 1290 3328 Λέγει
1310 3249 1339 3307 δέ
1360 3245 1467 3328 βλέδην
1485 3249 1515 3304 τὸ

394 3349 570 3424 ὲνατομεῑναι
588 3355 628 3423 τῷ
643 3350 763 3423 αἰσθητῷ
776 3351 823 3406 καί
838 3350 991 3432 φαινομένῳ
1005 3347 1111 3420 κάλλει,
1126 3347 1176 3405 κίιν
1191 3351 1252 3428 περί
1267 3350 1298 3404 τὸ
1313 3349 1394 3424 μίτον
1409 3347 1515 3408 κυίλλος

288 3477 313 3527 p,
331 3461 374 3513 101
394 3451 425 3506 τὸ
445 3449 472 3505 έν
490 3449 495 3528 Ι
514 3452 590 3530 ψυχῇ
610 3448 726 3529 σώφρονι
744 3449 949 3528 ἀναστρέφηται·
967 3445 1008 3504 δεῖ
1023 3449 1075 3528 γὰρ
1096 3449 1140 3504 καί
1159 3448 1211 3504 ἀπὸ
1233 3448 1330 3504 τοῦτου
1352 3443 1517 3525 ἀναδραμεῖν

395 3545 465 3630 [καί]
481 3547 525 3604 ἐπὶ
540 3549 587 3606 τὸν
603 3547 773 3626 ὑψηλότερον
788 3549 832 3604 καί
847 3547 1061 3604 ἐνθουσιαστικὸν
1077 3545 1163 3625 ἔρωτα
1181 3547 1226 3603 καίΙ
1247 3549 1278 3604 τὸ
1297 3548 1394 3618 νοητὸν
1412 3543 1516 3606 καλλος

333 3661 364 3710 ³0
394 3647 433 3710 είς
447 3649 462 3704 ὃ
478 3647 573 3726 ιἰνάγει
590 3648 604 3702 ίι
620 3643 698 3724 ίρως,
714 3647 729 3703 ὃ
744 3648 789 3702 καὶ
805 3647 917 3721 ὑμνήσει
932 3645 958 3702 ἐν
972 3650 1006 3721 τῇ
1022 3643 1196 3719 παλινῳθίφὸ
1211 3647 1367 3725 Σωκράτης.
1384 3679 1423 3690 -
1436 3645 1471 3700 Τὸ
1489 3640 1518 3698 δὲ

394 3749 503 3826 γυμνῇ
524 3749 565 3822 τῇ
586 3741 716 3824 κεφαλῇ
741 3742 832 3815 ἐπειδὴ
857 3741 956 3818 μέλλει
977 3745 1022 3800 τὸν
1044 3744 1185 3823 ἀναγωγὸν
1207 3741 1294 3824 ἔρωτα
1316 3744 1363 3800 τὸν
1387 3743 1426 3805 ῶς
1449 3738 1518 3798 θεὸν

395 3845 534 3918 εἰνυμνεῑν,
555 3839 638 3899 είωθε
658 3839 686 3898 δὲ
704 3843 955 3923 συσχηματίζεσθαι
973 3849 1030 3906 τοῖς
1048 3840 1154 3920 λόγοις·
1172 3843 1195 3898 εί
1215 3839 1244 3898 δὶ
1261 3840 1351 3920 λέγοις
1369 3841 1473 3919 γυμνὸν
1487 3838 1517 3896 τὸ

425 4111 526 4176 θθερ.
550 4111 575 4160 Χ
596 4109 705 4160 517-619
767 4108 909 4175 7Κάλχας
928 4107 965 4158 οί.
991 4107 1079 4158 ΒθΟΟ
1097 4119 1146 4169 sqq
1210 4105 1278 4156 901.
1302 4104 1363 4169 Rep.
1389 4102 1407 4152 l.
1431 4116 1455 4152 ε.

395 4181 575 4319 ἔζῇθίίίῇυῷῖ
637 4180 731 4233 21243
750 4183 775 4231 Α
838 4180 869 4230 22
885 4179 974 4230 2438
1036 4179 1068 4229 26
1090 4177 1184 4244 βλιίόην
1206 4176 1251 4228 hio
1273 4175 1348 4240 apud
1372 4175 1517 4226 Platonem

429 4377 476 4432 NG
499 4382 513 4430 5
535 4380 656 4444 ἠετίᾱίᾱί
721 4377 752 4429 12
767 4375 872 4443 τούτων]
890 4383 963 4430 τοῦτο
984 4377 1012 4427 Μ
1078 4377 1164 4426 verba
1176 4377 1232 4442 περί
1254 4369 1288 4426 ῶν
1306 4367 1354 4437 (ἧς.
1371 4371 1518 4435 mopinot)

396 4455 443 4505 οῦκ
458 4454 561 4510 ἀπεικὸς
576 4451 705 4502 videntur
719 4461 847 4514 corrupta
860 4457 909 4500 aut
927 4449 1023 4500 saltem
1039 4448 1137 4498 mutila
1200 4447 1229 4496 15
1247 4445 1361 4510 ὁῙώςΜ
1427 4441 1458 4493 18
1475 4459 1520 4493 πε-

397 4519 501 4592 ριὰγίιν]
515 4523 629 4590 περιάγει
646 4522 674 4572 Μ
739 4521 770 4571 19
785 4523 828 4572 καί
841 4520 935 4570 addidi
950 4527 1009 4584 post
1025 4520 1105 4585 ἔρωτα
1168 4517 1275 4567 θΟΑατ
1291 4530 1325 4566 ex
1344 4513 1458 4566 Platone
1477 4525 1520 4562 re·

396 4594 480 4656 quirit
498 4593 511 4645 ὃ
529 4595 594 4644 ίστιν
614 4595 672 4652 (ὃν
692 4591 801 4650 &ww
821 4605 826 4638 :
849 4597 923 4640 certe
943 4590 1020 4647 ὄντος
1039 4601 1087 4651 pro
1107 4586 1183 4649 αὐτὴν
1205 4585 1354 4648 legendum
1418 4584 1447 4634 21
1468 4583 1521 4632 ἀντὶ

397 4669 441 4717 τοῦ
458 4679 512 4716 om.
530 4665 557 4714 Μ
622 4665 652 4714 25
669 4683 698 4730 γε
711 4667 784 4714 τοῦτο
799 4661 892 4712 addidi
955 4661 986 4710 26
1003 4662 1131 4710 αἶσθεσθαι
1152 4663 1174 4709 Α
1191 4667 1218 4708 et
1233 4657 1272 4708 sic
1291 4656 1405 4707 tortasse
1425 4655 1518 4716 λύκοι]-

397 4737 465 4788 dum
480 4736 553 4800 apud
568 4737 729 4800 scriptorem
743 4733 901 4786 aetatistam
915 4730 1033 4784 recentis
1097 4730 1128 4780 28
1145 4730 1322 4795 ἀναστρέφεται
1339 4729 1365 4777 Μ
1431 4725 1462 4774 29
1478 4727 1521 4775 καὶ

397 4815 462 4862 ente
479 4810 519 4860 ἰπὶ
533 4821 587 4858 om.
605 4809 724 4872 Mzogo
739 4805 839 4858 seclusi
903 4803 932 4854 ³1
950 4811 1047 4878 τῇοοι.
1065 4799 1247 4854 ΡΙοι.υοᾱ.Β
