3538 5686
448 634 502 684 ΕΙΣ
523 634 583 684 TON
606 634 782 684 ΠΛΑΤΩΝΟΣ
806 634 948 684 ΦΑΙΔΡΟΝ
972 635 1094 686 ΣΧΟᾹΙΔ
1300 645 1330 696 29

139 803 184 868 [73]
214 798 243 854 oi
262 793 398 876 θυγατέρα
418 799 467 867 τὴν
488 793 648 875 Ὠρείθυιαν·
674 795 742 866 αὕτη
759 793 788 852 δέ
811 795 916 866 ἐστινὴ
936 803 986 866 τῆς
1009 802 1060 872 γῆς
1079 795 1179 873 γονίμη
1203 793 1328 870 δύναμις,

214 894 335 966 δηλονότι
358 895 576 968 συνεκτεινομένη
596 899 630 970 τῇ
649 892 701 960 έξει
719 899 767 950 τοῦ
790 891 949 974 Ἐρεχθέως·
970 893 1015 949 καί
1033 896 1051 964 ἡ
1072 892 1213 960 ἀνάπτυξις
1233 892 1261 950 δέ
1280 899 1328 950 τοῦ

215 994 344 1067 ὀνόματος
360 997 438 1050 τοότο
454 993 591 1066 σημαίνει·
608 995 625 1062 ἡ
640 991 691 1072 γάρ
704 991 771 1048 κατά
785 991 832 1057 τάς
848 992 919 1070 ίόρας
933 988 1076 1048 θάλλουσα
1090 991 1134 1048 καίΙ
1150 989 1328 1065 ἀναδιδομένη

213 1093 312 1170 γονίμη
336 1101 386 1163 τῆς
409 1100 460 1170 γῆς
484 1090 607 1165 δόναμις.
628 1091 725 1172 Βορέας
750 1089 778 1148 δέ
802 1091 908 1162 ἐστινὴ
935 1089 1035 1147 ἀνωθεν
1060 1090 1267 1166 έπιλαμπομένη
1293 1091 1330 1155 είς

173 1195 186 1243 5
214 1191 245 1247 τά
261 1189 369 1270 δεύτερα
388 1196 443 1247 τῶν
461 1187 538 1246 θεῶν
558 1189 681 1269 πρόνοια·
705 1191 753 1260 τὴν
774 1189 824 1269 γὰρ
845 1189 973 1269 πρόνοιαν
993 1194 1048 1245 τῶν
1068 1185 1145 1246 θεῶν
1164 1191 1214 1260 τὴν
1234 1189 1269 1254 εἷς
1287 1189 1333 1246 τὸν

215 1291 315 1364 κόσμον
335 1287 377 1346 διὰ
398 1294 445 1346 τοῦ
460 1289 557 1368 Βορέου
576 1285 698 1360 δηλοῦσι,
723 1285 765 1345 διὰ
787 1287 816 1344 τὸ
835 1289 879 1345 καῖ
897 1288 942 1344 τὸν
960 1289 1058 1366 Βορέαν
1073 1287 1125 1344 ἀπὸ
1144 1293 1197 1344 τῶν
1217 1287 1332 1363 ὑψηλῶν

215 1389 301 1444 τόπων
322 1393 406 1444 πνεῖν·
428 1389 477 1458 τὴν
500 1385 528 1442 δὲ
547 1386 685 1464 ἀναγωγὸν
704 1391 758 1442 τῶν
775 1382 852 1442 θεῶν
872 1384 982 1460 δόναμιν
1001 1384 1044 1442 διά
1058 1391 1105 1442 τοῦ
1126 1385 1222 1456 Νότου,
1241 1385 1332 1442 διὰτὸ

215 1486 265 1541 ἀπὸ
288 1489 343 1541 τῶν
366 1482 520 1565 χθαμαλων
545 1483 588 1540 ἐπί
612 1484 644 1539 τὰ
669 1483 762 1559 ὑψηλὰ
788 1490 871 1540 πνεῖν·
897 1486 924 1540 αῖ
949 1482 973 1540 δ’
997 1481 1029 1540 αὖ
1053 1484 1120 1563 πρὸς
1144 1484 1258 1557 Νότῳ...
1285 1484 1334 1540 είσῖ

129 1609 153 1657 μ
169 1595 196 1643 ii
214 1577 375 1663 Βειόὴτεραι·
391 1585 440 1654 τὴν
453 1583 569 1661 γονίμην
585 1580 631 1640 οὖν
648 1590 697 1653 τῆς
712 1605 763 1660 γης
783 1579 896 1656 δόναμιν
912 1581 929 1652 ἡ
944 1589 993 1652 τῆς
1011 1580 1131 1653 ’Δττικῆς
1152 1584 1169 1652 ἡ
1190 1587 1245 1638 τῶν
1258 1578 1334 1639 θεῶν

158 1693 187 1742 10
216 1682 325 1760 πρόνοια
339 1687 412 1737 ποιεῖ
425 1680 522 1737 ἀνιέναι
535 1681 580 1736 καὶ
595 1680 717 1759 προιέναι
733 1681 770 1744 είς
785 1679 948 1760 τοόμρανές.

253 1780 329 1837 Εἰπέ
352 1802 409 1854 μοι
428 1777 450 1834 ὦ
469 1778 735 1858 <Σώκρατες>]
758 1780 788 1834 Oi
812 1778 860 1852 μέν
883 1779 990 1848 ποιηταί
1010 1778 1113 1859 χοροὺς
1134 1777 1277 1850 ἐπενόησαν
1296 1778 1333 1843 είς

216 1877 403 1957 ἀναπλήρωσιν
422 1882 476 1934 τῶν
494 1875 630 1946 διακένων,
653 1879 666 1932 θ
687 1874 715 1932 δέ
734 1874 814 1953 λόγος
835 1876 955 1946 ἐνταῦθα,
977 1876 1035 1933 ἐπεὶ
1054 1877 1196 1956 παρεισῆέε
1213 1877 1259 1933 τὸν
1275 1883 1335 1932 Σω-

217 1974 315 2052 κρέτην
336 1971 432 2052 ἀ’γοντα
449 1974 494 2029 τὸν
508 1971 624 2052 Φαῖδρον
643 1972 680 2037 είς
699 1972 731 2028 τά
749 1981 799 2042 τῆς
821 1970 931 2043 τελετῆς
951 1972 1079 2052 πρόθυρα,
1102 1972 1132 2029 οό
1154 1971 1278 2048 βούλεται
1296 1973 1333 2036 εἰς

218 2066 288 2125 ἄλλα
302 2091 360 2126 τινα
378 2071 554 2148 περισπᾶσθαι
567 2072 670 2136 τοῦτον,
688 2064 741 2122 ’ἐστ’
760 2065 791 2122 ἀν
808 2068 853 2123 τὸν
871 2067 954 2124 τόπον
969 2062 1166 2126 καταλοίθωσιν.
1184 2064 1271 2132 “Ami
1285 2066 1335 2146 γὰρ

74 2235 78 2244 ‚
155 2173 187 2225 15
217 2172 264 2235 τῆς
287 2164 399 2236 τελετῆς
420 2163 547 2242 γεγονότα
572 2162 656 2219 ἐκεῖσε
674 2158 755 2218 &sisi
777 2164 900 2244 κατέχειν
924 2162 1013 2232 αὐτὸν,
1040 2163 1100 2219 όθεν
1124 2164 1168 2218 καὶ
1190 2161 1232 2218 διὰ
1254 2163 1336 2236 μέσου

219 2261 360 2332 ζητητικὸς
385 2261 496 2338 γίνεται,
523 2261 567 2315 καὶ
593 2261 670 2315 ποθεῖ
700 2261 794 2332 μαθεῖν
816 2255 938 2337 θεωρίαν
960 2263 993 2334 τῇ
1022 2259 1186 2338 προκειμένῃ
1214 2260 1336 2316 ὑποθέσει

217 2359 412 2437 προπὴκουσαν.
438 2355 572 2436 Ὠρείθυια
592 2356 642 2436 γάρ
663 2353 708 2426 εἴη
734 2353 764 2412 ἀν
788 2358 863 2436 ψυχὴ
889 2355 1017 2436 έριεμένη
1043 2361 1097 2412 τῶν
1123 2354 1176 2413 ἀνω
1201 2355 1265 2436 (ἀπὸ
1288 2361 1336 2412 τοό

219 2455 323 2534 όροόω
353 2457 396 2510 καί
425 2461 471 2512 τοῦ
501 2451 574 2511 &im
602 2454 669 2510 κατὰ
701 2453 838 2510 ἑπέκτασιν
858 2451 1000 2534 ’Δττικὴν)·
1030 2454 1173 2533 ἀρπάζεται
1200 2453 1288 2510 τοίνυν
1317 2456 1335 2522 ἡ

218 2552 327 2625 τοιαότη
343 2555 418 2632 ψυχὴ
432 2553 502 2633 παρὰ
520 2559 567 2609 τοῦ
581 2550 679 2608 ἀνωθεν
694 2553 885 2616 καταπνέοντος
897 2557 992 2632 Βορρα·
1006 2552 1028 2608 εί
1041 2550 1123 2608 δὲκαὶ
1134 2550 1200 2608 κατά
1214 2555 1335 2632 κρημνοῦ

154 2671 186 2720 20
220 2653 333 2731 φέρεται,
353 2653 397 2707 καί
415 2657 495 2708 τοῦτο
511 2649 647 2730 ἁρμόδιον·
670 2649 781 2723 τελευτᾷ
798 2651 847 2729 γ“ρ
867 2650 914 2706 τὸν
934 2651 1119 2730 προαιρετικὸν
1138 2647 1268 2720 θάνατον,
1290 2649 1337 2705 τὸν

220 2752 327 2830 ρυσικὸν
349 2753 387 2825 μὴ
410 2749 557 2831 δεχομένη,
581 2751 626 2806 καί
646 2749 742 2830 ἀρίησι
763 2751 813 2820 τὴν
834 2753 1022 2828 προαιρετικὴν
1044 2751 1129 2820 ζωὴν,
1154 2751 1204 2821 τὴν
1226 2751 1338 2832 ρυσικὴν

223 2851 304 2915 ζῶσα·
324 2849 368 2905 καὶ
385 2851 403 2919 ἡ
425 2847 570 2929 ριλοσορία
588 2846 663 2906 οὐδὲν
686 2846 750 2904 ἀλλο
773 2848 841 2904 ἐστὶν
860 2846 925 2904 ἀλλ’
943 2848 960 2918 ἡ
982 2847 1082 2921 μελέτη
1103 2844 1233 2906 θανάτου.
1251 2845 1338 2903 Ἔστω

222 2945 417 3025 οὗν-Ὠρείθυια
435 2949 480 3004 καὶ
498 2951 515 3017 ἡ
535 2953 583 3005 τοῦ
598 2945 717 3026 Φαίδρου
732 2948 818 3027 ψυχὴ,
841 2949 855 3002 ό
875 2944 903 3002 δέ
921 2945 1066 3026 Σωκράτης
1082 2953 1194 3025 Βορρᾶς,
1214 2945 1339 3026 ἁρπάζων

223 3045 299 3101 αότὸν
313 3047 357 3102 καὶ
371 3045 527 3126 καταφέρων
546 3046 584 3110 είς
598 3045 644 3101 τὸν
660 3045 845 3126 προαιρετικὸν
858 3041 990 3101 θάνατον·
1010 3069 1023 3099 ι(
1040 3044 1195 3124 καταφέρων
1213 3067 1226 3097 ιι
1250 3043 1337 3112 είπον,

155 3159 187 3209 25
222 3143 270 3198 οὐκ
286 3167 300 3196 ιι
316 3143 453 3223 ἀναφέρων
471 3167 497 3212 ιι,
515 3142 556 3199 ’ότι
571 3144 594 3200 εί
611 3143 648 3217 μί,
667 3142 788 3206 ἐκτόπως
807 3141 983 3213 ταπεινωθείη
1001 3145 1075 3223 ψυχὴ
1092 3141 1141 3199 οὐκ
1160 3139 1192 3196 iv
1210 3142 1261 3212 τὴν
1277 3139 1339 3196 ἀνα-

224 3241 307 3321 ρορόιν
321 3235 435 3307 δέξαιτο.

264 3401 312 3475 ιη’.
339 3403 387 3460 Ἧι
411 3404 491 3484 πρὸς
514 3403 549 3459 τὸ
573 3410 631 3475 τῆς
656 3399 769 3483 ἄγρας]
795 3403 853 3460 229
877 3401 914 3465 C.

262 3536 385 3618 Ἀγραέας
401 3535 555 3617 ’λρτέμιδος
570 3535 641 3615 ἱερὸν
656 3534 764 3614 ’έδρυσαν
778 3533 925 3605 Ἀθηναῖοι,
943 3530 985 3591 διά
1001 3535 1031 3591 τὸ
1046 3529 1140 3615 ἐ’ρορον
1159 3534 1226 3592 εῖναι
1239 3532 1341 3606 ταύτην

222 3637 271 3705 τὴν
282 3631 351 3692 θεὸν
365 3636 461 3700 παντὸς
474 3639 521 3690 τοῡ
536 3634 641 3714 ἀγρίου,
657 3635 701 3689 καὶ
720 3640 771 3690 πᾶν
783 3633 813 3689 τὸ
832 3630 922 3712 ἄγριον
935 3635 979 3689 καί
994 3632 1129 3711 όινὴμερον
1143 3631 1338 3692 καταστέλλειν.

156 3744 189 3795 30
224 3766 262 3778 -
276 3735 307 3789 οί
322 3732 350 3790 δὲ
368 3734 460 3811 βωμοί
474 3734 517 3790 καί
535 3732 567 3788 τά
586 3733 645 3812 ίερά
660 3737 714 3788 τῶν
727 3729 805 3788 θεῶν
820 3731 867 3795 τάς
887 3725 978 3802 λὴξεις
995 3730 1082 3788 αότῶν
1097 3731 1284 3805 σημαίνουσιν·
1302 3732 1341 3796 ὡς

224 3835 267 3889 καὶ
287 3832 381 3910 βωμὸν
398 3833 443 3888 καί
462 3832 534 3912 ἱερὸν
554 3828 641 3895 είποις
661 3829 692 3887 ἀν
712 3836 759 3888 τοῦ
779 3829 863 3902 ἡλίου
881 3831 911 3886 τὸ
930 3829 1090 3910 φαινόμενον
1104 3834 1184 3903 σῶμα
1202 3835 1280 3886 τοῦτο
1294 3835 1341 3885 τοῦ

224 3931 315 4004 ἡλίου,
331 3929 373 3986 διά
390 3931 421 3987 τό
437 3928 553 4006 μάλιστα
570 3929 649 3985 αότοῡ
666 3927 788 4010 μετέχειν
802 3929 846 3984 καί
864 3927 1011 3986 ἀπολαύειν
1025 3933 1073 3984 τοῦ
1088 3933 1186 4000 νοητοῦ
1201 3925 1285 3998 ἡλίου
1299 3927 1343 3983 καί

255 4112 297 4163 2-3
315 4113 343 4163 in
361 4109 481 4178 Eiymol.
493 4109 588 4176 Μαμιι.
604 4112 733 4178 Ὠρείθυια
746 4121 780 4160 ex
793 4108 846 4175 όρει
857 4104 908 4159 θύω
918 4107 1036 4167 ducitur,
1050 4109 1104 4158 κατ’
1115 4107 1214 4158 ἔκτασιν
1278 4105 1308 4158 22
1324 4108 1341 4168 ἡ

226 4188 362 4249 ρολοσορέα
377 4210 406 4219 -
420 4183 526 4234 θανάτου
540 4183 576 4232 oi.
592 4179 727 4231 Phoedon.
742 4179 772 4229 67
788 4179 810 4229 E
871 4179 904 4230 28
921 4181 1026 4246 ἀγραέας
1038 4205 1068 4215 ·-
1080 4178 1111 4228 29
1124 4181 1298 4229 καταστέλλειν
1315 4199 1343 4220 =

226 4256 310 4306 schol.
322 4255 369 4307 229
384 4255 406 4304 B
421 4256 457 4318 (p.
473 4253 518 4304 263
529 4252 639 4315 Herm.)
656 4267 662 4301 :
678 4251 733 4314 jam
747 4250 821 4302 edici.
838 4251 954 4301 Russus.
969 4249 998 4301 in
1015 4245 1084 4300 Tim.
1095 4263 1120 4314 p.
1134 4249 1182 4300 158
1194 4262 1227 4299 ex
1244 4249 1265 4300 Ρ

259 4371 304 4421 Nc
320 4369 335 4420 2
349 4373 396 4428 ἔξει
409 4367 504 4432 scripsi
516 4367 689 4418 dubitanter:
707 4363 775 4428 λήξει
789 4368 812 4413 Α
826 4378 832 4412 :
849 4366 912 4421 λέξει
926 4363 954 4417 Μ
1018 4361 1125 4420 ὃιίοεει
1139 4360 1343 4411 substantivum

226 4443 272 4494 cui
285 4443 387 4494 reieras
404 4445 524 4508 θειότεραι
586 4440 602 4489 9
616 4442 720 4505 γονίμην
735 4436 831 4500 scripsi
848 4435 911 4486 coli.
928 4434 986 4485 li.1
1002 4435 1058 4486 eti
1075 4450 1081 4486 :
1102 4439 1205 4500 γόνιμον
1221 4433 1283 4484 libri

227 4517 255 4566 11
273 4518 333 4576 εἰπέ,
353 4517 374 4566 εἰ
393 4514 467 4564 rubr.
487 4516 510 4562 Α
528 4527 534 4562 :
554 4512 583 4562 in
601 4510 725 4574 margine
741 4507 853 4560 stellula
866 4507 948 4558 rubra
1012 4501 1102 4558 ὦοῐυ.
1120 4507 1146 4556 Μ
1213 4506 1345 4573 Σώκρατες

226 4586 319 4638 addidi
336 4599 371 4638 ex
392 4585 461 4635 Pisi.
527 4583 557 4633 12
571 4579 701 4646 διακόνων]
717 4582 880 4644 διακειμένων
897 4580 923 4629 Μ
990 4581 1019 4629 14
1034 4579 1083 4629 ’ἐστ’
1099 4576 1139 4643 ἂν]
1155 4583 1188 4636 ὡς
1207 4577 1237 4630 ἀν
1253 4577 1280 4628 Μ

226 4659 257 4708 16
272 4656 348 4723 ποθεῖ]
364 4656 468 4708 ποιείΜ
535 4653 565 4704 18
578 4651 801 4715 τοίνυνὴοιιι.Μ
866 4650 896 4700 27
913 4649 928 4714 ἢ
945 4647 1127 4712 ἡείιᾚιιθιπΑ
1190 4647 1345 4701 28-29είναι

228 4731 317 4788 παντὸς
335 4731 379 4779 τοῦ
399 4730 488 4794 ἀγρίου
507 4725 551 4789 τὴν
570 4729 625 4776 θεόν
644 4723 729 4775 schol.
795 4721 851 4773 θεέν
868 4721 890 4771 Ρ
955 4721 984 4772 31
1000 4721 1088 4785 εἴποις]
1107 4721 1192 4780 ἵπποις
1208 4721 1261 4772 BM
1280 4720 1345 4783 (jam

229 4813 332 4852 eorrex.
349 4803 415 4860 Αετ)
479 4798 506 4849 τό
521 4801 668 4862 φαινόμενον
685 4821 713 4833 -
727 4797 818 4859 νοητοῦ
833 4797 905 4857 ἡλίου
920 4805 974 4844 om.
989 4792 1042 4842 ΒΜ
