<?xml version="1.0" encoding="UTF-8"?>
<!DOCTYPE html PUBLIC "-//W3C//DTD XHTML 1.0 Transitional//EN"
    "http://www.w3.org/TR/xhtml1/DTD/xhtml1-transitional.dtd">
<html xmlns="http://www.w3.org/1999/xhtml" xml:lang="en" lang="en">
 <head>
  <title>
</title>
<meta http-equiv="Content-Type" content="text/html;charset=utf-8" />
  <meta name='ocr-system' content='tesseract 3.04.00' />
  <meta name='ocr-capabilities' content='ocr_page ocr_carea ocr_par ocr_line ocrx_word'/>
</head>
<body>
  <div class='ocr_page' id='page_1' title='image "./hermiaealexandr00couvgoog/hermiaealexandr00couvgoog_0114.png"; bbox 0 0 3660 5686; ppageno 0'>
   <div class='ocr_carea' id='block_1_1' title="bbox 528 577 1407 644">
    <p class='ocr_par' dir='ltr' id='par_1_1' title="bbox 528 577 1407 644">
     <span class='ocr_line' id='line_1_1' title="bbox 528 577 1407 644; baseline 0.006 -16"><span class='ocrx_word' id='word_1_1' title='bbox 528 577 583 628; x_wconf 84' lang='grc' dir='ltr'>ΕΙΣ</span> <span class='ocrx_word' id='word_1_2' title='bbox 604 579 666 630; x_wconf 82' lang='grc' dir='ltr'>ΤΟΝ</span> <span class='ocrx_word' id='word_1_3' title='bbox 688 577 865 630; x_wconf 74' lang='grc' dir='ltr'>ΠΛΑΤΩΝΟΣ</span> <span class='ocrx_word' id='word_1_4' title='bbox 884 579 1026 630; x_wconf 60' lang='lat' dir='ltr'><strong>mmor&lt;</strong></span> <span class='ocrx_word' id='word_1_5' title='bbox 1049 580 1172 632; x_wconf 75' lang='grc' dir='ltr'>ΣΧΟΛΙΔ</span> <span class='ocrx_word' id='word_1_6' title='bbox 1376 593 1407 644; x_wconf 80' lang='lat'>73</span> 
     </span>
    </p>
   </div>
   <div class='ocr_carea' id='block_1_2' title="bbox 195 722 1491 4059">
    <p class='ocr_par' dir='ltr' id='par_1_2' title="bbox 203 722 1439 1110">
     <span class='ocr_line' id='line_1_2' title="bbox 203 722 1439 814; baseline 0.011 -33"><span class='ocrx_word' id='word_1_7' title='bbox 203 729 252 796; x_wconf 70' lang='lat'><strong>[97]</strong></span> <span class='ocrx_word' id='word_1_8' title='bbox 276 727 355 783; x_wconf 88' lang='grc' dir='ltr'>-τείαν</span> <span class='ocrx_word' id='word_1_9' title='bbox 380 722 538 808; x_wconf 86' lang='grc' dir='ltr'>διατρίθων,</span> <span class='ocrx_word' id='word_1_10' title='bbox 561 729 576 786; x_wconf 91' lang='lat'>6</span> <span class='ocrx_word' id='word_1_11' title='bbox 598 727 628 786; x_wconf 71' lang='grc' dir='ltr'>δί</span> <span class='ocrx_word' id='word_1_12' title='bbox 649 727 711 788; x_wconf 75' lang='grc' dir='ltr'>οὐδέ</span> <span class='ocrx_word' id='word_1_13' title='bbox 733 731 820 810; x_wconf 80' lang='grc' dir='ltr'>ὀρθῶς</span> <span class='ocrx_word' id='word_1_14' title='bbox 842 732 902 810; x_wconf 85' lang='grc' dir='ltr'>περί</span> <span class='ocrx_word' id='word_1_15' title='bbox 921 731 1062 790; x_wconf 72' lang='grc' dir='ltr'><strong>πολιτείαν</strong></span> <span class='ocrx_word' id='word_1_16' title='bbox 1080 731 1316 814; x_wconf 82' lang='grc' dir='ltr'>άναστρερόμενος</span> <span class='ocrx_word' id='word_1_17' title='bbox 1334 733 1407 793; x_wconf 81' lang='grc' dir='ltr'>ἀλλά</span> <span class='ocrx_word' id='word_1_18' title='bbox 1437 785 1439 794; x_wconf 95' lang='grc'>.</span> 
     </span>
     <span class='ocr_line' id='line_1_3' title="bbox 286 811 1408 914; baseline 0.01 -34"><span class='ocrx_word' id='word_1_19' title='bbox 286 821 454 906; x_wconf 82' lang='grc' dir='ltr'>διαατρθρως</span> <span class='ocrx_word' id='word_1_20' title='bbox 468 829 514 884; x_wconf 80' lang='grc' dir='ltr'>καί</span> <span class='ocrx_word' id='word_1_21' title='bbox 527 827 697 908; x_wconf 83' lang='grc' dir='ltr'>πανοιίργως·</span> <span class='ocrx_word' id='word_1_22' title='bbox 710 829 861 909; x_wconf 79' lang='grc' dir='ltr'>άμρδτεροι</span> <span class='ocrx_word' id='word_1_23' title='bbox 876 827 924 905; x_wconf 76' lang='grc' dir='ltr'>μὲν</span> <span class='ocrx_word' id='word_1_24' title='bbox 937 828 985 888; x_wconf 78' lang='grc' dir='ltr'>οὖν</span> <span class='ocrx_word' id='word_1_25' title='bbox 998 831 1181 910; x_wconf 75' lang='grc' dir='ltr'>ἁμαρτάνουσι</span> <span class='ocrx_word' id='word_1_26' title='bbox 1195 833 1240 890; x_wconf 86' lang='grc' dir='ltr'>καί</span> <span class='ocrx_word' id='word_1_27' title='bbox 1251 827 1271 888; x_wconf 72' lang='grc' dir='ltr'>’ὁ</span> <span class='ocrx_word' id='word_1_28' title='bbox 1285 811 1408 914; x_wconf 70' lang='grc' dir='ltr'>δεύτερος</span> 
     </span>
     <span class='ocr_line' id='line_1_4' title="bbox 283 926 1408 1012; baseline 0.007 -31"><span class='ocrx_word' id='word_1_29' title='bbox 283 926 329 981; x_wconf 80' lang='grc' dir='ltr'>καί</span> <span class='ocrx_word' id='word_1_30' title='bbox 341 927 356 983; x_wconf 85' lang='grc' dir='ltr'>ι’)</span> <span class='ocrx_word' id='word_1_31' title='bbox 370 926 470 1005; x_wconf 91' lang='grc' dir='ltr'>τρίτος,</span> <span class='ocrx_word' id='word_1_32' title='bbox 486 927 525 991; x_wconf 83' lang='grc' dir='ltr'>ὡς</span> <span class='ocrx_word' id='word_1_33' title='bbox 537 935 587 998; x_wconf 83' lang='grc' dir='ltr'>τῆς</span> <span class='ocrx_word' id='word_1_34' title='bbox 596 928 750 1008; x_wconf 85' lang='grc' dir='ltr'>πρωτίστης</span> <span class='ocrx_word' id='word_1_35' title='bbox 765 929 809 985; x_wconf 78' lang='grc' dir='ltr'>καὶ</span> <span class='ocrx_word' id='word_1_36' title='bbox 823 927 966 1002; x_wconf 84' lang='grc' dir='ltr'>καλλίστης</span> <span class='ocrx_word' id='word_1_37' title='bbox 980 929 1115 1010; x_wconf 74' lang='grc' dir='ltr'>ἐνεργείας</span> <span class='ocrx_word' id='word_1_38' title='bbox 1129 930 1318 1012; x_wconf 65' lang='grc' dir='ltr'>ἀφιστάμενοι,</span> <span class='ocrx_word' id='word_1_39' title='bbox 1333 930 1408 990; x_wconf 74' lang='grc' dir='ltr'>ἀλλὰ</span> 
     </span>
     <span class='ocr_line' id='line_1_5' title="bbox 283 1023 1405 1110; baseline 0.006 -30"><span class='ocrx_word' id='word_1_40' title='bbox 283 1023 368 1082; x_wconf 87' lang='grc' dir='ltr'>πλέον</span> <span class='ocrx_word' id='word_1_41' title='bbox 391 1024 407 1081; x_wconf 94' lang='lat'>6</span> <span class='ocrx_word' id='word_1_42' title='bbox 429 1024 519 1103; x_wconf 89' lang='grc' dir='ltr'>τρίτος</span> <span class='ocrx_word' id='word_1_43' title='bbox 545 1031 594 1082; x_wconf 82' lang='grc' dir='ltr'>τοῦ</span> <span class='ocrx_word' id='word_1_44' title='bbox 619 1023 743 1106; x_wconf 88' lang='grc' dir='ltr'>διυτέρου</span> <span class='ocrx_word' id='word_1_45' title='bbox 767 1028 926 1107; x_wconf 79' lang='grc' dir='ltr'>ἁμαρτάνει.</span> <span class='ocrx_word' id='word_1_46' title='bbox 955 1033 996 1106; x_wconf 80' lang='grc' dir='ltr'>Τῷ</span> <span class='ocrx_word' id='word_1_47' title='bbox 1026 1029 1075 1103; x_wconf 78' lang='grc' dir='ltr'>μὶν</span> <span class='ocrx_word' id='word_1_48' title='bbox 1103 1028 1154 1108; x_wconf 85' lang='grc' dir='ltr'>γάρ</span> <span class='ocrx_word' id='word_1_49' title='bbox 1183 1027 1298 1110; x_wconf 86' lang='grc' dir='ltr'>δευτέρῳ</span> <span class='ocrx_word' id='word_1_50' title='bbox 1321 1030 1405 1110; x_wconf 77' lang='grc' dir='ltr'>ῥᾴστη</span> 
     </span>
    </p>

    <p class='ocr_par' dir='ltr' id='par_1_3' title="bbox 237 1124 1436 1603">
     <span class='ocr_line' id='line_1_6' title="bbox 237 1124 1436 1209; baseline 0.007 -29"><span class='ocrx_word' id='word_1_51' title='bbox 237 1125 253 1172; x_wconf 79' lang='grc'>5</span> <span class='ocrx_word' id='word_1_52' title='bbox 284 1125 429 1196; x_wconf 74' lang='grc' dir='ltr'>ἦν&lt;η&gt;</span> <span class='ocrx_word' id='word_1_53' title='bbox 443 1124 486 1182; x_wconf 83' lang='grc' dir='ltr'>έπί</span> <span class='ocrx_word' id='word_1_54' title='bbox 499 1125 547 1182; x_wconf 87' lang='grc' dir='ltr'>τδν</span> <span class='ocrx_word' id='word_1_55' title='bbox 560 1131 670 1205; x_wconf 90' lang='grc' dir='ltr'>πρῶτον</span> <span class='ocrx_word' id='word_1_56' title='bbox 686 1125 839 1207; x_wconf 81' lang='grc' dir='ltr'>άναδρομή,</span> <span class='ocrx_word' id='word_1_57' title='bbox 856 1133 894 1205; x_wconf 81' lang='grc' dir='ltr'>τῷ</span> <span class='ocrx_word' id='word_1_58' title='bbox 912 1125 941 1184; x_wconf 78' lang='grc' dir='ltr'>δὲ</span> <span class='ocrx_word' id='word_1_59' title='bbox 958 1127 1041 1208; x_wconf 86' lang='grc' dir='ltr'>τρίτῳ</span> <span class='ocrx_word' id='word_1_60' title='bbox 1059 1127 1177 1208; x_wconf 69' lang='grc' dir='ltr'>χαλεπή.</span> <span class='ocrx_word' id='word_1_61' title='bbox 1201 1127 1344 1209; x_wconf 84' lang='grc' dir='ltr'>’Δναλογεῖ</span> <span class='ocrx_word' id='word_1_62' title='bbox 1360 1129 1406 1188; x_wconf 71' lang='grc' dir='ltr'>οὖν</span> <span class='ocrx_word' id='word_1_63' title='bbox 1434 1147 1436 1154; x_wconf 81' lang='grc'><em>’</em></span> 
     </span>
     <span class='ocr_line' id='line_1_7' title="bbox 285 1221 1407 1311; baseline 0.006 -33"><span class='ocrx_word' id='word_1_64' title='bbox 285 1227 323 1300; x_wconf 79' lang='grc' dir='ltr'>τῷ</span> <span class='ocrx_word' id='word_1_65' title='bbox 342 1224 392 1297; x_wconf 78' lang='grc' dir='ltr'>μἐν</span> <span class='ocrx_word' id='word_1_66' title='bbox 408 1221 524 1304; x_wconf 83' lang='grc' dir='ltr'>δευτέρῳ</span> <span class='ocrx_word' id='word_1_67' title='bbox 541 1227 555 1280; x_wconf 90' lang='lat'>6</span> <span class='ocrx_word' id='word_1_68' title='bbox 576 1226 736 1305; x_wconf 87' lang='grc' dir='ltr'>Σωκράτους</span> <span class='ocrx_word' id='word_1_69' title='bbox 756 1226 851 1305; x_wconf 74' lang='grc' dir='ltr'>λόγος,</span> <span class='ocrx_word' id='word_1_70' title='bbox 866 1232 903 1305; x_wconf 82' lang='grc' dir='ltr'>τῷ</span> <span class='ocrx_word' id='word_1_71' title='bbox 922 1224 951 1284; x_wconf 73' lang='grc' dir='ltr'>δὲ</span> <span class='ocrx_word' id='word_1_72' title='bbox 967 1227 1052 1306; x_wconf 88' lang='grc' dir='ltr'>τρίτῳ</span> <span class='ocrx_word' id='word_1_73' title='bbox 1073 1229 1088 1283; x_wconf 90' lang='grc' dir='ltr'><strong>ὁ</strong></span> <span class='ocrx_word' id='word_1_74' title='bbox 1108 1227 1218 1284; x_wconf 78' lang='grc' dir='ltr'>Λυσίου·</span> <span class='ocrx_word' id='word_1_75' title='bbox 1238 1234 1274 1306; x_wconf 81' lang='grc' dir='ltr'>τῷ</span> <span class='ocrx_word' id='word_1_76' title='bbox 1292 1229 1407 1311; x_wconf 72' lang='grc' dir='ltr'>μὲνγὰρ</span> 
     </span>
     <span class='ocr_line' id='line_1_8' title="bbox 286 1323 1405 1408; baseline 0.004 -30"><span class='ocrx_word' id='word_1_77' title='bbox 286 1323 426 1400; x_wconf 87' lang='grc' dir='ltr'>Σωκράτει</span> <span class='ocrx_word' id='word_1_78' title='bbox 446 1327 464 1394; x_wconf 77' lang='grc' dir='ltr'>ά,</span> <span class='ocrx_word' id='word_1_79' title='bbox 487 1323 531 1380; x_wconf 83' lang='grc' dir='ltr'>ίπί</span> <span class='ocrx_word' id='word_1_80' title='bbox 552 1324 599 1390; x_wconf 80' lang='grc' dir='ltr'>τὰς</span> <span class='ocrx_word' id='word_1_81' title='bbox 617 1325 717 1389; x_wconf 88' lang='grc' dir='ltr'>οίκιίας</span> <span class='ocrx_word' id='word_1_82' title='bbox 739 1325 826 1408; x_wconf 85' lang='grc' dir='ltr'>άρχάς</span> <span class='ocrx_word' id='word_1_83' title='bbox 850 1324 957 1398; x_wconf 81' lang='grc' dir='ltr'>ἄνοδος,</span> <span class='ocrx_word' id='word_1_84' title='bbox 982 1325 1116 1384; x_wconf 76' lang='grc' dir='ltr'>τουτέστιν</span> <span class='ocrx_word' id='word_1_85' title='bbox 1139 1326 1182 1383; x_wconf 84' lang='grc' dir='ltr'>έπί</span> <span class='ocrx_word' id='word_1_86' title='bbox 1203 1328 1253 1397; x_wconf 79' lang='grc' dir='ltr'>τήν</span> <span class='ocrx_word' id='word_1_87' title='bbox 1275 1329 1405 1406; x_wconf 58' lang='grc' dir='ltr'>θεωρίαν,</span> 
     </span>
     <span class='ocr_line' id='line_1_9' title="bbox 286 1419 1405 1506; baseline 0.004 -29"><span class='ocrx_word' id='word_1_88' title='bbox 286 1419 368 1496; x_wconf 71' lang='grc' dir='ltr'>ρᾄιη</span> <span class='ocrx_word' id='word_1_89' title='bbox 389 1422 433 1479; x_wconf 84' lang='grc' dir='ltr'>καί</span> <span class='ocrx_word' id='word_1_90' title='bbox 457 1421 578 1502; x_wconf 75' lang='grc' dir='ltr'>εὐμαρὴς</span> <span class='ocrx_word' id='word_1_91' title='bbox 599 1421 721 1503; x_wconf 85' lang='grc' dir='ltr'>(πρῶτον</span> <span class='ocrx_word' id='word_1_92' title='bbox 744 1423 794 1498; x_wconf 74' lang='grc' dir='ltr'>μὶν</span> <span class='ocrx_word' id='word_1_93' title='bbox 814 1425 866 1502; x_wconf 84' lang='grc' dir='ltr'>γάρ</span> <span class='ocrx_word' id='word_1_94' title='bbox 889 1421 951 1480; x_wconf 74' lang='grc' dir='ltr'>οὐδὲ</span> <span class='ocrx_word' id='word_1_95' title='bbox 971 1425 1021 1494; x_wconf 78' lang='grc' dir='ltr'>τὴν</span> <span class='ocrx_word' id='word_1_96' title='bbox 1044 1421 1167 1504; x_wconf 84' lang='grc' dir='ltr'>δευτέραν</span> <span class='ocrx_word' id='word_1_97' title='bbox 1189 1423 1320 1503; x_wconf 73' lang='grc' dir='ltr'>ἐνέργειαν</span> <span class='ocrx_word' id='word_1_98' title='bbox 1339 1446 1405 1506; x_wconf 82' lang='grc' dir='ltr'>προ·</span> 
     </span>
     <span class='ocr_line' id='line_1_10' title="bbox 285 1513 1405 1603; baseline 0.005 -29"><span class='ocrx_word' id='word_1_99' title='bbox 285 1513 390 1578; x_wconf 85' lang='grc' dir='ltr'>θάλλων</span> <span class='ocrx_word' id='word_1_100' title='bbox 405 1521 536 1601; x_wconf 82' lang='grc' dir='ltr'>άρίστατο</span> <span class='ocrx_word' id='word_1_101' title='bbox 550 1530 599 1594; x_wconf 82' lang='grc' dir='ltr'>τῆς</span> <span class='ocrx_word' id='word_1_102' title='bbox 613 1523 732 1602; x_wconf 80' lang='grc' dir='ltr'>πρώτης·</span> <span class='ocrx_word' id='word_1_103' title='bbox 749 1521 841 1580; x_wconf 81' lang='grc' dir='ltr'>ἔπειτα</span> <span class='ocrx_word' id='word_1_104' title='bbox 861 1523 883 1580; x_wconf 84' lang='grc' dir='ltr'>εί</span> <span class='ocrx_word' id='word_1_105' title='bbox 900 1524 945 1579; x_wconf 84' lang='grc' dir='ltr'>καί</span> <span class='ocrx_word' id='word_1_106' title='bbox 964 1521 1106 1603; x_wconf 82' lang='grc' dir='ltr'>άρίστατο,</span> <span class='ocrx_word' id='word_1_107' title='bbox 1122 1519 1187 1581; x_wconf 77' lang='grc' dir='ltr'>ἀλλ’</span> <span class='ocrx_word' id='word_1_108' title='bbox 1204 1521 1252 1579; x_wconf 78' lang='grc' dir='ltr'>οὗν</span> <span class='ocrx_word' id='word_1_109' title='bbox 1266 1522 1298 1579; x_wconf 79' lang='grc' dir='ltr'>οὐ</span> <span class='ocrx_word' id='word_1_110' title='bbox 1312 1523 1405 1602; x_wconf 83' lang='grc' dir='ltr'>πόρρω</span> 
     </span>
    </p>

    <p class='ocr_par' dir='ltr' id='par_1_4' title="bbox 220 1607 1456 1802">
     <span class='ocr_line' id='line_1_11' title="bbox 220 1607 1456 1701; baseline 0.002 -27"><span class='ocrx_word' id='word_1_111' title='bbox 220 1611 253 1663; x_wconf 82' lang='lat'>1⁰</span> <span class='ocrx_word' id='word_1_112' title='bbox 285 1616 367 1690; x_wconf 81' lang='grc' dir='ltr'>αθτῆς</span> <span class='ocrx_word' id='word_1_113' title='bbox 376 1619 410 1690; x_wconf 73' lang='grc' dir='ltr'>ἦν</span> <span class='ocrx_word' id='word_1_114' title='bbox 422 1618 467 1676; x_wconf 79' lang='grc' dir='ltr'>καί</span> <span class='ocrx_word' id='word_1_115' title='bbox 478 1621 538 1699; x_wconf 81' lang='grc' dir='ltr'>περὶ</span> <span class='ocrx_word' id='word_1_116' title='bbox 548 1620 599 1690; x_wconf 75' lang='grc' dir='ltr'>τὴν</span> <span class='ocrx_word' id='word_1_117' title='bbox 609 1619 733 1700; x_wconf 86' lang='grc' dir='ltr'>διυτίραν</span> <span class='ocrx_word' id='word_1_118' title='bbox 742 1607 894 1679; x_wconf 85' lang='grc' dir='ltr'>κατελθών·</span> <span class='ocrx_word' id='word_1_119' title='bbox 905 1607 953 1677; x_wconf 67' lang='grc' dir='ltr'>τοῦ</span> <span class='ocrx_word' id='word_1_120' title='bbox 963 1619 1014 1701; x_wconf 80' lang='grc' dir='ltr'>γάρ</span> <span class='ocrx_word' id='word_1_121' title='bbox 1028 1621 1191 1700; x_wconf 76' lang='grc' dir='ltr'>ὑποστρέψαι</span> <span class='ocrx_word' id='word_1_122' title='bbox 1203 1621 1286 1696; x_wconf 81' lang='grc' dir='ltr'>μόνον</span> <span class='ocrx_word' id='word_1_123' title='bbox 1296 1619 1405 1699; x_wconf 79' lang='grc' dir='ltr'>ἐδεῖτο),</span> <span class='ocrx_word' id='word_1_124' title='bbox 1432 1641 1440 1660; x_wconf 85' lang='lat'>··</span> <span class='ocrx_word' id='word_1_125' title='bbox 1453 1637 1456 1656; x_wconf 78' lang='lat'>²</span> 
     </span>
     <span class='ocr_line' id='line_1_12' title="bbox 284 1715 1406 1802; baseline 0.004 -30"><span class='ocrx_word' id='word_1_126' title='bbox 284 1721 322 1793; x_wconf 83' lang='grc' dir='ltr'>τῷ</span> <span class='ocrx_word' id='word_1_127' title='bbox 333 1715 362 1773; x_wconf 80' lang='grc' dir='ltr'>δλ</span> <span class='ocrx_word' id='word_1_128' title='bbox 373 1717 457 1789; x_wconf 83' lang='grc' dir='ltr'>Λυσία</span> <span class='ocrx_word' id='word_1_129' title='bbox 471 1719 518 1776; x_wconf 81' lang='grc' dir='ltr'>άτε</span> <span class='ocrx_word' id='word_1_130' title='bbox 534 1723 684 1802; x_wconf 75' lang='grc' dir='ltr'>μοχθηρῶς</span> <span class='ocrx_word' id='word_1_131' title='bbox 697 1721 741 1776; x_wconf 87' lang='grc' dir='ltr'>καί</span> <span class='ocrx_word' id='word_1_132' title='bbox 757 1725 860 1799; x_wconf 86' lang='grc' dir='ltr'>μιαρῶς</span> <span class='ocrx_word' id='word_1_133' title='bbox 872 1719 1097 1801; x_wconf 75' lang='grc' dir='ltr'>ἀναστρεφομένην</span> <span class='ocrx_word' id='word_1_134' title='bbox 1117 1718 1167 1776; x_wconf 78' lang='grc' dir='ltr'>οὐκ</span> <span class='ocrx_word' id='word_1_135' title='bbox 1187 1719 1321 1798; x_wconf 74' lang='grc' dir='ltr'>εὐμαρὴς,</span> <span class='ocrx_word' id='word_1_136' title='bbox 1330 1745 1331 1750; x_wconf 60' lang='grc'>’</span> <span class='ocrx_word' id='word_1_137' title='bbox 1340 1717 1406 1776; x_wconf 81' lang='grc' dir='ltr'>άλλά</span> 
     </span>
    </p>

    <p class='ocr_par' dir='ltr' id='par_1_5' title="bbox 284 1814 1407 1902">
     <span class='ocr_line' id='line_1_13' title="bbox 284 1814 1407 1902; baseline 0.004 -33"><span class='ocrx_word' id='word_1_138' title='bbox 284 1815 327 1870; x_wconf 80' lang='grc' dir='ltr'>καί</span> <span class='ocrx_word' id='word_1_139' title='bbox 341 1814 443 1896; x_wconf 75' lang='grc' dir='ltr'>σφόδρα</span> <span class='ocrx_word' id='word_1_140' title='bbox 457 1815 569 1897; x_wconf 75' lang='grc' dir='ltr'>χαλεπὴ</span> <span class='ocrx_word' id='word_1_141' title='bbox 584 1821 602 1890; x_wconf 73' lang='grc' dir='ltr'>η</span> <span class='ocrx_word' id='word_1_142' title='bbox 619 1817 661 1875; x_wconf 81' lang='grc' dir='ltr'>ίπί</span> <span class='ocrx_word' id='word_1_143' title='bbox 677 1819 726 1882; x_wconf 84' lang='grc' dir='ltr'>τάς</span> <span class='ocrx_word' id='word_1_144' title='bbox 740 1818 828 1902; x_wconf 80' lang='grc' dir='ltr'>ἀρχὰς</span> <span class='ocrx_word' id='word_1_145' title='bbox 840 1815 949 1881; x_wconf 82' lang='grc' dir='ltr'>άνοδυς.</span> <span class='ocrx_word' id='word_1_146' title='bbox 963 1851 1001 1862; x_wconf 84' lang='grc'>-</span> <span class='ocrx_word' id='word_1_147' title='bbox 1015 1819 1049 1875; x_wconf 84' lang='grc' dir='ltr'>Τὸ</span> <span class='ocrx_word' id='word_1_148' title='bbox 1066 1816 1112 1874; x_wconf 74' lang='grc' dir='ltr'>οὖν</span> <span class='ocrx_word' id='word_1_149' title='bbox 1125 1817 1332 1897; x_wconf 73' lang='grc' dir='ltr'>καθήρασθαί</span> <span class='ocrx_word' id='word_1_150' title='bbox 1345 1817 1407 1874; x_wconf 81' lang='grc' dir='ltr'>ιἐστι</span> 
     </span>
    </p>

    <p class='ocr_par' dir='ltr' id='par_1_6' title="bbox 283 1911 1406 2094">
     <span class='ocr_line' id='line_1_14' title="bbox 283 1911 1406 1996; baseline 0.003 -29"><span class='ocrx_word' id='word_1_151' title='bbox 283 1912 329 1968; x_wconf 83' lang='grc' dir='ltr'>τὸν</span> <span class='ocrx_word' id='word_1_152' title='bbox 350 1913 482 1992; x_wconf 83' lang='grc' dir='ltr'>Σωκράτη</span> <span class='ocrx_word' id='word_1_153' title='bbox 498 1911 569 1996; x_wconf 82' lang='grc' dir='ltr'>[τὸν]</span> <span class='ocrx_word' id='word_1_154' title='bbox 585 1913 729 1973; x_wconf 86' lang='grc' dir='ltr'>άτοθέσθαι</span> <span class='ocrx_word' id='word_1_155' title='bbox 745 1915 793 1978; x_wconf 82' lang='grc' dir='ltr'>τάς</span> <span class='ocrx_word' id='word_1_156' title='bbox 814 1912 938 1994; x_wconf 75' lang='grc' dir='ltr'>δευτέρας</span> <span class='ocrx_word' id='word_1_157' title='bbox 956 1915 1001 1971; x_wconf 87' lang='grc' dir='ltr'>καί</span> <span class='ocrx_word' id='word_1_158' title='bbox 1020 1912 1181 1994; x_wconf 84' lang='grc' dir='ltr'>κοιλοτέρας</span> <span class='ocrx_word' id='word_1_159' title='bbox 1200 1915 1341 1994; x_wconf 82' lang='grc' dir='ltr'>ίνεργείας</span> <span class='ocrx_word' id='word_1_160' title='bbox 1361 1916 1406 1972; x_wconf 75' lang='grc' dir='ltr'><strong>καῖ</strong></span> 
     </span>
     <span class='ocr_line' id='line_1_15' title="bbox 286 2006 1406 2094; baseline 0.002 -26"><span class='ocrx_word' id='word_1_161' title='bbox 286 2012 447 2090; x_wconf 74' lang='grc' dir='ltr'>ὑποστρέψαι</span> <span class='ocrx_word' id='word_1_162' title='bbox 470 2011 514 2070; x_wconf 84' lang='grc' dir='ltr'>έπὶ</span> <span class='ocrx_word' id='word_1_163' title='bbox 535 2013 585 2077; x_wconf 84' lang='grc' dir='ltr'>τάς</span> <span class='ocrx_word' id='word_1_164' title='bbox 607 2014 707 2079; x_wconf 86' lang='grc' dir='ltr'>οίκείας</span> <span class='ocrx_word' id='word_1_165' title='bbox 730 2014 862 2094; x_wconf 71' lang='grc' dir='ltr'>ἐνεργείας</span> <span class='ocrx_word' id='word_1_166' title='bbox 885 2014 934 2078; x_wconf 80' lang='grc' dir='ltr'>τὰς</span> <span class='ocrx_word' id='word_1_167' title='bbox 955 2012 1065 2093; x_wconf 79' lang='grc' dir='ltr'>πρώτας</span> <span class='ocrx_word' id='word_1_168' title='bbox 1086 2014 1141 2069; x_wconf 81' lang='grc' dir='ltr'>καί·</span> <span class='ocrx_word' id='word_1_169' title='bbox 1157 2013 1262 2092; x_wconf 86' lang='grc' dir='ltr'>νοεράς,</span> <span class='ocrx_word' id='word_1_170' title='bbox 1289 2015 1334 2070; x_wconf 83' lang='grc' dir='ltr'>Διὸ</span> <span class='ocrx_word' id='word_1_171' title='bbox 1349 2006 1406 2071; x_wconf 64' lang='grc' dir='ltr'>’καὶ</span> 
     </span>
    </p>

    <p class='ocr_par' dir='ltr' id='par_1_7' title="bbox 220 2093 1436 2488">
     <span class='ocr_line' id='line_1_16' title="bbox 220 2093 1436 2192; baseline 0.002 -27"><span class='ocrx_word' id='word_1_172' title='bbox 220 2103 250 2154; x_wconf 81' lang='lat'>¹5</span> <span class='ocrx_word' id='word_1_173' title='bbox 283 2109 345 2190; x_wconf 84' lang='grc' dir='ltr'>άρχ</span> <span class='ocrx_word' id='word_1_174' title='bbox 351 2115 424 2166; x_wconf 79' lang='grc' dir='ltr'>αῖον</span> <span class='ocrx_word' id='word_1_175' title='bbox 446 2109 528 2168; x_wconf 71' lang='grc' dir='ltr'>αὑτὸν</span> <span class='ocrx_word' id='word_1_176' title='bbox 550 2111 687 2170; x_wconf 75' lang='grc' dir='ltr'>ἐκάλεσεν·</span> <span class='ocrx_word' id='word_1_177' title='bbox 710 2106 739 2179; x_wconf 74' lang='grc' dir='ltr'>ἐξ</span> <span class='ocrx_word' id='word_1_178' title='bbox 759 2112 845 2170; x_wconf 79' lang='grc' dir='ltr'>ἀιδίου</span> <span class='ocrx_word' id='word_1_179' title='bbox 863 2112 913 2192; x_wconf 83' lang='grc' dir='ltr'>γάρ</span> <span class='ocrx_word' id='word_1_180' title='bbox 934 2113 961 2168; x_wconf 84' lang='grc' dir='ltr'>αί</span> <span class='ocrx_word' id='word_1_181' title='bbox 980 2112 1066 2192; x_wconf 75' lang='grc' dir='ltr'>ψυχαὶ</span> <span class='ocrx_word' id='word_1_182' title='bbox 1082 2097 1268 2190; x_wconf 77' lang='grc' dir='ltr'>προελθοῦσαι</span> <span class='ocrx_word' id='word_1_183' title='bbox 1287 2093 1405 2184; x_wconf 19' lang='grc' dir='ltr'>άπὸ-τῆς</span> <span class='ocrx_word' id='word_1_184' title='bbox 1432 2129 1436 2142; x_wconf 94' lang='grc'>·</span> 
     </span>
     <span class='ocr_line' id='line_1_17' title="bbox 283 2192 1407 2293; baseline 0.001 -28"><span class='ocrx_word' id='word_1_185' title='bbox 283 2209 384 2266; x_wconf 82' lang='grc' dir='ltr'>έαντῶν</span> <span class='ocrx_word' id='word_1_186' title='bbox 403 2210 491 2289; x_wconf 81' lang='grc' dir='ltr'>ἀρχῆς</span> <span class='ocrx_word' id='word_1_187' title='bbox 513 2209 595 2267; x_wconf 84' lang='grc' dir='ltr'>πάλιν</span> <span class='ocrx_word' id='word_1_188' title='bbox 617 2212 654 2276; x_wconf 84' lang='grc' dir='ltr'>είς</span> <span class='ocrx_word' id='word_1_189' title='bbox 677 2211 760 2282; x_wconf 70' lang='grc' dir='ltr'>αὐτὴν</span> <span class='ocrx_word' id='word_1_190' title='bbox 779 2213 997 2293; x_wconf 73' lang='grc' dir='ltr'>ὑποστρέφουσιν.</span> <span class='ocrx_word' id='word_1_191' title='bbox 1019 2209 1092 2282; x_wconf 78' lang='grc' dir='ltr'>Αὕτη</span> <span class='ocrx_word' id='word_1_192' title='bbox 1112 2208 1141 2267; x_wconf 79' lang='grc' dir='ltr'>δέ</span> <span class='ocrx_word' id='word_1_193' title='bbox 1160 2209 1214 2268; x_wconf 80' lang='grc' dir='ltr'>ἐστι</span> <span class='ocrx_word' id='word_1_194' title='bbox 1233 2211 1278 2266; x_wconf 83' lang='grc' dir='ltr'>καί</span> <span class='ocrx_word' id='word_1_195' title='bbox 1296 2213 1313 2281; x_wconf 80' lang='grc' dir='ltr'><strong>ἡ</strong></span> <span class='ocrx_word' id='word_1_196' title='bbox 1334 2192 1407 2290; x_wconf 79' lang='grc' dir='ltr'>περὶ</span> 
     </span>
     <span class='ocr_line' id='line_1_18' title="bbox 282 2306 1406 2388; baseline 0.001 -25"><span class='ocrx_word' id='word_1_197' title='bbox 282 2309 340 2378; x_wconf 81' lang='grc' dir='ltr'>τήν</span> <span class='ocrx_word' id='word_1_198' title='bbox 360 2308 568 2386; x_wconf 89' lang='grc' dir='ltr'>μυθολογίαν</span> <span class='ocrx_word' id='word_1_199' title='bbox 588 2309 718 2388; x_wconf 75' lang='grc' dir='ltr'>ἁμαρτία,</span> <span class='ocrx_word' id='word_1_200' title='bbox 734 2311 764 2367; x_wconf 84' lang='grc' dir='ltr'>τὸ</span> <span class='ocrx_word' id='word_1_201' title='bbox 784 2309 837 2388; x_wconf 83' lang='grc' dir='ltr'>γάρ</span> <span class='ocrx_word' id='word_1_202' title='bbox 851 2311 913 2388; x_wconf 80' lang='grc' dir='ltr'>περὶ</span> <span class='ocrx_word' id='word_1_203' title='bbox 927 2311 978 2381; x_wconf 78' lang='grc' dir='ltr'>τήν</span> <span class='ocrx_word' id='word_1_204' title='bbox 993 2306 1145 2387; x_wconf 59' lang='grc' dir='ltr'>θεολογίαν</span> <span class='ocrx_word' id='word_1_205' title='bbox 1159 2311 1288 2388; x_wconf 82' lang='grc' dir='ltr'>ἁμαρτεῖν</span> <span class='ocrx_word' id='word_1_206' title='bbox 1309 2308 1338 2386; x_wconf 79' lang='grc' dir='ltr'>(ἡ</span> <span class='ocrx_word' id='word_1_207' title='bbox 1356 2308 1406 2388; x_wconf 83' lang='grc' dir='ltr'>γάρ</span> 
     </span>
     <span class='ocr_line' id='line_1_19' title="bbox 285 2403 1407 2488; baseline 0.002 -27"><span class='ocrx_word' id='word_1_208' title='bbox 285 2403 434 2483; x_wconf 87' lang='grc' dir='ltr'>μυθολογία</span> <span class='ocrx_word' id='word_1_209' title='bbox 457 2405 592 2485; x_wconf 70' lang='grc' dir='ltr'>Ξεολογία</span> <span class='ocrx_word' id='word_1_210' title='bbox 615 2408 656 2473; x_wconf 87' lang='grc' dir='ltr'>τίς</span> <span class='ocrx_word' id='word_1_211' title='bbox 680 2406 756 2488; x_wconf 65' lang='grc' dir='ltr'>ἔστη·</span> <span class='ocrx_word' id='word_1_212' title='bbox 789 2409 819 2466; x_wconf 85' lang='grc' dir='ltr'>τὸ</span> <span class='ocrx_word' id='word_1_213' title='bbox 849 2406 896 2466; x_wconf 79' lang='grc' dir='ltr'>οὗν</span> <span class='ocrx_word' id='word_1_214' title='bbox 923 2410 962 2483; x_wconf 79' lang='grc' dir='ltr'><strong>μή</strong></span> <span class='ocrx_word' id='word_1_215' title='bbox 989 2407 1132 2488; x_wconf 82' lang='grc' dir='ltr'>ίμρρδνως</span> <span class='ocrx_word' id='word_1_216' title='bbox 1160 2408 1221 2486; x_wconf 80' lang='grc' dir='ltr'>περὶ</span> <span class='ocrx_word' id='word_1_217' title='bbox 1244 2407 1407 2480; x_wconf 80' lang='grc' dir='ltr'>τὴνμυθο-</span> 
     </span>
    </p>

    <p class='ocr_par' dir='ltr' id='par_1_8' title="bbox 195 2496 1407 2881">
     <span class='ocr_line' id='line_1_20' title="bbox 195 2496 1406 2587; baseline 0.003 -29"><span class='ocrx_word' id='word_1_218' title='bbox 195 2507 217 2558; x_wconf 81' lang='lat'>1³·</span> <span class='ocrx_word' id='word_1_219' title='bbox 233 2496 265 2547; x_wconf 66' lang='grc'>98</span> <span class='ocrx_word' id='word_1_220' title='bbox 285 2501 381 2580; x_wconf 86' lang='grc' dir='ltr'>λογίαν</span> <span class='ocrx_word' id='word_1_221' title='bbox 395 2504 590 2585; x_wconf 83' lang='grc' dir='ltr'>άνεΙστράρθαι,</span> <span class='ocrx_word' id='word_1_222' title='bbox 606 2507 726 2563; x_wconf 79' lang='grc' dir='ltr'>τουτέστι</span> <span class='ocrx_word' id='word_1_223' title='bbox 738 2507 768 2562; x_wconf 88' lang='grc' dir='ltr'>τὸ</span> <span class='ocrx_word' id='word_1_224' title='bbox 784 2509 823 2582; x_wconf 76' lang='grc' dir='ltr'>μὴ</span> <span class='ocrx_word' id='word_1_225' title='bbox 844 2505 984 2587; x_wconf 69' lang='grc' dir='ltr'>ἐμφρόνως</span> <span class='ocrx_word' id='word_1_226' title='bbox 997 2513 1199 2585; x_wconf 82' lang='grc' dir='ltr'>κατακρατῆσαι</span> <span class='ocrx_word' id='word_1_227' title='bbox 1217 2513 1269 2577; x_wconf 82' lang='grc' dir='ltr'>τῆς</span> <span class='ocrx_word' id='word_1_228' title='bbox 1287 2502 1406 2570; x_wconf 86' lang='grc' dir='ltr'>διανοίας</span> 
     </span>
     <span class='ocr_line' id='line_1_21' title="bbox 222 2589 1406 2685; baseline 0.002 -28"><span class='ocrx_word' id='word_1_229' title='bbox 222 2594 253 2644; x_wconf 75' lang='lat'>2⁰</span> <span class='ocrx_word' id='word_1_230' title='bbox 282 2607 335 2658; x_wconf 88' lang='grc' dir='ltr'>τῶν</span> <span class='ocrx_word' id='word_1_231' title='bbox 359 2601 566 2677; x_wconf 88' lang='grc' dir='ltr'>μοθοπλάατων,</span> <span class='ocrx_word' id='word_1_232' title='bbox 590 2602 662 2660; x_wconf 81' lang='grc' dir='ltr'>ἀλλά</span> <span class='ocrx_word' id='word_1_233' title='bbox 684 2610 721 2684; x_wconf 82' lang='grc' dir='ltr'>τῷ</span> <span class='ocrx_word' id='word_1_234' title='bbox 745 2606 897 2685; x_wconf 82' lang='grc' dir='ltr'>ραινομένῳ</span> <span class='ocrx_word' id='word_1_235' title='bbox 922 2602 1043 2676; x_wconf 77' lang='grc' dir='ltr'>ἕπεσθαι,-</span> <span class='ocrx_word' id='word_1_236' title='bbox 1069 2589 1302 2684; x_wconf 62' lang='grc' dir='ltr'>άμάρτημάῘέστι</span> <span class='ocrx_word' id='word_1_237' title='bbox 1328 2603 1406 2681; x_wconf 86' lang='grc' dir='ltr'>περί</span> 
     </span>
     <span class='ocr_line' id='line_1_22' title="bbox 285 2699 1407 2783; baseline -0.001 -26"><span class='ocrx_word' id='word_1_238' title='bbox 285 2699 497 2779; x_wconf 85' lang='grc' dir='ltr'>μυθολογίαν.</span> <span class='ocrx_word' id='word_1_239' title='bbox 523 2700 556 2759; x_wconf 82' lang='grc' dir='ltr'><strong>Ὅ</strong></span> <span class='ocrx_word' id='word_1_240' title='bbox 577 2704 621 2760; x_wconf 85' lang='grc' dir='ltr'>καί</span> <span class='ocrx_word' id='word_1_241' title='bbox 644 2704 724 2760; x_wconf 76' lang='grc' dir='ltr'>νῶνὸ</span> <span class='ocrx_word' id='word_1_242' title='bbox 750 2704 897 2783; x_wconf 85' lang='grc' dir='ltr'>Σωκράτης</span> <span class='ocrx_word' id='word_1_243' title='bbox 923 2704 1039 2760; x_wconf 82' lang='grc' dir='ltr'>πέπονθε</span> <span class='ocrx_word' id='word_1_244' title='bbox 1060 2703 1109 2760; x_wconf 83' lang='grc' dir='ltr'>τὸν·</span> <span class='ocrx_word' id='word_1_245' title='bbox 1130 2700 1218 2782; x_wconf 81' lang='grc' dir='ltr'>ἔρωτα</span> <span class='ocrx_word' id='word_1_246' title='bbox 1239 2699 1407 2780; x_wconf 88' lang='grc' dir='ltr'>λοιδορησά-</span> 
     </span>
     <span class='ocr_line' id='line_1_23' title="bbox 285 2797 1406 2881; baseline -0.002 -25"><span class='ocrx_word' id='word_1_247' title='bbox 285 2820 379 2873; x_wconf 91' lang='grc' dir='ltr'>μενος,</span> <span class='ocrx_word' id='word_1_248' title='bbox 402 2800 426 2858; x_wconf 86' lang='grc' dir='ltr'>εί</span> <span class='ocrx_word' id='word_1_249' title='bbox 443 2801 546 2857; x_wconf 76' lang='grc' dir='ltr'>καὶτὸν</span> <span class='ocrx_word' id='word_1_250' title='bbox 565 2799 713 2859; x_wconf 70' lang='grc' dir='ltr'>ἀκόλαστον</span> <span class='ocrx_word' id='word_1_251' title='bbox 729 2799 791 2858; x_wconf 79' lang='grc' dir='ltr'>ἀλλ’</span> <span class='ocrx_word' id='word_1_252' title='bbox 805 2800 852 2859; x_wconf 68' lang='grc' dir='ltr'>οὖν</span> <span class='ocrx_word' id='word_1_253' title='bbox 864 2802 895 2859; x_wconf 84' lang='grc' dir='ltr'>τὸ</span> <span class='ocrx_word' id='word_1_254' title='bbox 909 2806 957 2858; x_wconf 77' lang='grc' dir='ltr'>τοῦ</span> <span class='ocrx_word' id='word_1_255' title='bbox 970 2799 1068 2881; x_wconf 77' lang='grc' dir='ltr'>ἔρωτος</span> <span class='ocrx_word' id='word_1_256' title='bbox 1083 2799 1182 2876; x_wconf 77' lang='grc' dir='ltr'>ὄνομα.</span> <span class='ocrx_word' id='word_1_257' title='bbox 1199 2800 1272 2872; x_wconf 75' lang='grc' dir='ltr'>Αθτη</span> <span class='ocrx_word' id='word_1_258' title='bbox 1291 2799 1341 2874; x_wconf 79' lang='grc' dir='ltr'>μὶν</span> <span class='ocrx_word' id='word_1_259' title='bbox 1351 2797 1406 2855; x_wconf 78' lang='grc' dir='ltr'>ὀὖν</span> 
     </span>
    </p>

    <p class='ocr_par' dir='ltr' id='par_1_9' title="bbox 283 2897 1405 3077">
     <span class='ocr_line' id='line_1_24' title="bbox 283 2897 1405 2980; baseline -0.002 -26"><span class='ocrx_word' id='word_1_260' title='bbox 283 2901 300 2968; x_wconf 81' lang='grc' dir='ltr'>ί,</span> <span class='ocrx_word' id='word_1_261' title='bbox 320 2899 382 2976; x_wconf 81' lang='grc' dir='ltr'>περί</span> <span class='ocrx_word' id='word_1_262' title='bbox 400 2901 450 2969; x_wconf 76' lang='grc' dir='ltr'>τὴν</span> <span class='ocrx_word' id='word_1_263' title='bbox 469 2898 639 2978; x_wconf 87' lang='grc' dir='ltr'>μυθολογίαν</span> <span class='ocrx_word' id='word_1_264' title='bbox 659 2900 787 2980; x_wconf 78' lang='grc' dir='ltr'>ἁμαρτία.</span> <span class='ocrx_word' id='word_1_265' title='bbox 809 2901 953 2979; x_wconf 81' lang='grc' dir='ltr'>Καθαρμδς</span> <span class='ocrx_word' id='word_1_266' title='bbox 973 2898 1001 2956; x_wconf 77' lang='grc' dir='ltr'>δὲ</span> <span class='ocrx_word' id='word_1_267' title='bbox 1021 2900 1123 2971; x_wconf 73' lang='grc' dir='ltr'>ταύτης</span> <span class='ocrx_word' id='word_1_268' title='bbox 1145 2906 1196 2970; x_wconf 80' lang='grc' dir='ltr'>τῆς</span> <span class='ocrx_word' id='word_1_269' title='bbox 1219 2897 1353 2976; x_wconf 80' lang='grc' dir='ltr'>ἁμαρτίας</span> <span class='ocrx_word' id='word_1_270' title='bbox 1375 2897 1405 2953; x_wconf 85' lang='grc' dir='ltr'>τὸ</span> 
     </span>
     <span class='ocr_line' id='line_1_25' title="bbox 283 2992 1405 3077; baseline -0.001 -25"><span class='ocrx_word' id='word_1_271' title='bbox 283 2992 464 3076; x_wconf 80' lang='grc' dir='ltr'>προθαλέσθαι</span> <span class='ocrx_word' id='word_1_272' title='bbox 482 2998 530 3062; x_wconf 81' lang='grc' dir='ltr'>τάς</span> <span class='ocrx_word' id='word_1_273' title='bbox 548 2995 661 3071; x_wconf 76' lang='grc' dir='ltr'>ἀληθείς</span> <span class='ocrx_word' id='word_1_274' title='bbox 679 2999 725 3054; x_wconf 80' lang='grc' dir='ltr'>καί</span> <span class='ocrx_word' id='word_1_275' title='bbox 746 2997 960 3062; x_wconf 75' lang='grc' dir='ltr'>ἐνθουσιαστικάς</span> <span class='ocrx_word' id='word_1_276' title='bbox 979 3000 1040 3077; x_wconf 77' lang='grc' dir='ltr'>περὶ</span> <span class='ocrx_word' id='word_1_277' title='bbox 1057 3003 1105 3055; x_wconf 76' lang='grc' dir='ltr'>τοῦ</span> <span class='ocrx_word' id='word_1_278' title='bbox 1120 2993 1219 3076; x_wconf 81' lang='grc' dir='ltr'>ἔρωτος</span> <span class='ocrx_word' id='word_1_279' title='bbox 1238 2996 1356 3066; x_wconf 82' lang='grc' dir='ltr'>ἐννοίας,</span> <span class='ocrx_word' id='word_1_280' title='bbox 1373 2995 1405 3059; x_wconf 79' lang='grc' dir='ltr'>θς</span> 
     </span>
    </p>

    <p class='ocr_par' dir='ltr' id='par_1_10' title="bbox 224 3081 1491 3569">
     <span class='ocr_line' id='line_1_26' title="bbox 224 3081 1491 3176; baseline -0.002 -26"><span class='ocrx_word' id='word_1_281' title='bbox 224 3111 254 3162; x_wconf 77' lang='lat'>25</span> <span class='ocrx_word' id='word_1_282' title='bbox 284 3096 404 3176; x_wconf 80' lang='grc' dir='ltr'>περιέχει</span> <span class='ocrx_word' id='word_1_283' title='bbox 419 3098 437 3166; x_wconf 77' lang='grc' dir='ltr'>ί,</span> <span class='ocrx_word' id='word_1_284' title='bbox 453 3093 618 3170; x_wconf 89' lang='grc' dir='ltr'>παλινῳδία.</span> <span class='ocrx_word' id='word_1_285' title='bbox 636 3096 681 3152; x_wconf 81' lang='grc' dir='ltr'>Διὸ</span> <span class='ocrx_word' id='word_1_286' title='bbox 698 3097 743 3152; x_wconf 78' lang='grc' dir='ltr'>καί</span> <span class='ocrx_word' id='word_1_287' title='bbox 758 3094 841 3153; x_wconf 86' lang='grc' dir='ltr'>πάλιν</span> <span class='ocrx_word' id='word_1_288' title='bbox 854 3095 896 3152; x_wconf 81' lang='grc' dir='ltr'>ἐπὶ</span> <span class='ocrx_word' id='word_1_289' title='bbox 910 3097 960 3166; x_wconf 76' lang='grc' dir='ltr'>τὴν</span> <span class='ocrx_word' id='word_1_290' title='bbox 972 3095 1089 3175; x_wconf 77' lang='grc' dir='ltr'>ἀρχαίαν</span> <span class='ocrx_word' id='word_1_291' title='bbox 1102 3093 1176 3170; x_wconf 77' lang='grc' dir='ltr'>ᾠδὴν</span> <span class='ocrx_word' id='word_1_292' title='bbox 1189 3096 1239 3164; x_wconf 72' lang='grc' dir='ltr'>την</span> <span class='ocrx_word' id='word_1_293' title='bbox 1250 3081 1433 3172; x_wconf 82' lang='grc' dir='ltr'>πρωτίσιην“·</span> <span class='ocrx_word' id='word_1_294' title='bbox 1457 3115 1465 3132; x_wconf 91' lang='grc'>·-</span> <span class='ocrx_word' id='word_1_295' title='bbox 1483 3089 1491 3107; x_wconf 82' lang='lat'>&#39;</span> 
     </span>
     <span class='ocr_line' id='line_1_27' title="bbox 284 3190 1406 3274; baseline -0.003 -24"><span class='ocrx_word' id='word_1_296' title='bbox 284 3191 463 3273; x_wconf 72' lang='grc' dir='ltr'>ἐπανάδραμε.</span> <span class='ocrx_word' id='word_1_297' title='bbox 482 3195 520 3251; x_wconf 83' lang='grc' dir='ltr'>Τά</span> <span class='ocrx_word' id='word_1_298' title='bbox 541 3192 569 3250; x_wconf 76' lang='grc' dir='ltr'>δὲ</span> <span class='ocrx_word' id='word_1_299' title='bbox 586 3195 646 3274; x_wconf 86' lang='grc' dir='ltr'>περί</span> <span class='ocrx_word' id='word_1_300' title='bbox 664 3191 815 3269; x_wconf 89' lang='grc' dir='ltr'>μολυσμῶν</span> <span class='ocrx_word' id='word_1_301' title='bbox 833 3195 877 3250; x_wconf 82' lang='grc' dir='ltr'>καὶ</span> <span class='ocrx_word' id='word_1_302' title='bbox 894 3196 1044 3272; x_wconf 88' lang='grc' dir='ltr'>καθαρμῶν</span> <span class='ocrx_word' id='word_1_303' title='bbox 1063 3190 1118 3250; x_wconf 85' lang='grc' dir='ltr'>ὧδε</span> <span class='ocrx_word' id='word_1_304' title='bbox 1139 3191 1261 3252; x_wconf 83' lang='grc' dir='ltr'>λεκτάυν·</span> <span class='ocrx_word' id='word_1_305' title='bbox 1277 3191 1337 3270; x_wconf 86' lang='grc' dir='ltr'>περὶ</span> <span class='ocrx_word' id='word_1_306' title='bbox 1356 3192 1371 3247; x_wconf 89' lang='lat'>6</span> <span class='ocrx_word' id='word_1_307' title='bbox 1391 3192 1406 3247; x_wconf 88' lang='lat'>6</span> 
     </span>
     <span class='ocr_line' id='line_1_28' title="bbox 286 3287 1407 3372; baseline -0.004 -23"><span class='ocrx_word' id='word_1_308' title='bbox 286 3292 438 3367; x_wconf 84' lang='grc' dir='ltr'>μολυσμὸς,</span> <span class='ocrx_word' id='word_1_309' title='bbox 460 3294 521 3372; x_wconf 77' lang='grc' dir='ltr'>περὶ</span> <span class='ocrx_word' id='word_1_310' title='bbox 542 3299 623 3350; x_wconf 76' lang='grc' dir='ltr'>τοῦτο</span> <span class='ocrx_word' id='word_1_311' title='bbox 641 3294 686 3350; x_wconf 86' lang='grc' dir='ltr'>καί</span> <span class='ocrx_word' id='word_1_312' title='bbox 705 3293 719 3349; x_wconf 91' lang='lat'>6</span> <span class='ocrx_word' id='word_1_313' title='bbox 738 3292 889 3372; x_wconf 84' lang='grc' dir='ltr'>καθαρμός.</span> <span class='ocrx_word' id='word_1_314' title='bbox 905 3292 980 3349; x_wconf 87' lang='grc' dir='ltr'>Ἔστι</span> <span class='ocrx_word' id='word_1_315' title='bbox 1000 3289 1028 3348; x_wconf 78' lang='grc' dir='ltr'>δέ</span> <span class='ocrx_word' id='word_1_316' title='bbox 1048 3289 1137 3348; x_wconf 78' lang='grc' dir='ltr'>ἔννοια</span> <span class='ocrx_word' id='word_1_317' title='bbox 1157 3288 1302 3365; x_wconf 77' lang='grc' dir='ltr'>μολυσμοῦ</span> <span class='ocrx_word' id='word_1_318' title='bbox 1321 3287 1407 3346; x_wconf 82' lang='grc' dir='ltr'>άλλο-</span> 
     </span>
     <span class='ocr_line' id='line_1_29' title="bbox 282 3385 1406 3470; baseline -0.006 -21"><span class='ocrx_word' id='word_1_319' title='bbox 282 3391 357 3469; x_wconf 89' lang='grc' dir='ltr'>τρίου</span> <span class='ocrx_word' id='word_1_320' title='bbox 370 3393 524 3470; x_wconf 77' lang='grc' dir='ltr'>προσθήκη,</span> <span class='ocrx_word' id='word_1_321' title='bbox 541 3388 630 3448; x_wconf 83' lang='grc' dir='ltr'>ἔννοια</span> <span class='ocrx_word' id='word_1_322' title='bbox 645 3389 673 3448; x_wconf 84' lang='grc' dir='ltr'>δι’</span> <span class='ocrx_word' id='word_1_323' title='bbox 688 3389 744 3447; x_wconf 81' lang='grc' dir='ltr'>έστι</span> <span class='ocrx_word' id='word_1_324' title='bbox 756 3393 897 3468; x_wconf 75' lang='grc' dir='ltr'>καθαρμοῦ</span> <span class='ocrx_word' id='word_1_325' title='bbox 915 3388 1065 3469; x_wconf 87' lang='grc' dir='ltr'>ιἰλλοτρίου</span> <span class='ocrx_word' id='word_1_326' title='bbox 1084 3389 1232 3469; x_wconf 77' lang='grc' dir='ltr'>άραίρεσις.</span> <span class='ocrx_word' id='word_1_327' title='bbox 1249 3387 1358 3444; x_wconf 85' lang='grc' dir='ltr'>Γίνεται</span> <span class='ocrx_word' id='word_1_328' title='bbox 1378 3385 1406 3444; x_wconf 73' lang='grc' dir='ltr'>δέ</span> 
     </span>
     <span class='ocr_line' id='line_1_30' title="bbox 285 3479 1434 3569; baseline -0.004 -22"><span class='ocrx_word' id='word_1_329' title='bbox 285 3491 300 3547; x_wconf 90' lang='lat'>6</span> <span class='ocrx_word' id='word_1_330' title='bbox 316 3489 458 3564; x_wconf 85' lang='grc' dir='ltr'>μολυσμὸς</span> <span class='ocrx_word' id='word_1_331' title='bbox 474 3490 520 3547; x_wconf 82' lang='grc' dir='ltr'>καί</span> <span class='ocrx_word' id='word_1_332' title='bbox 539 3489 592 3546; x_wconf 80' lang='grc' dir='ltr'>ἀπὸ</span> <span class='ocrx_word' id='word_1_333' title='bbox 609 3497 661 3560; x_wconf 81' lang='grc' dir='ltr'>τῆς</span> <span class='ocrx_word' id='word_1_334' title='bbox 680 3487 763 3569; x_wconf 82' lang='grc' dir='ltr'>άκρας</span> <span class='ocrx_word' id='word_1_335' title='bbox 778 3491 860 3563; x_wconf 77' lang='grc' dir='ltr'>ἡμῶν</span> <span class='ocrx_word' id='word_1_336' title='bbox 879 3492 971 3568; x_wconf 74' lang='grc' dir='ltr'>ψυχῆς</span> <span class='ocrx_word' id='word_1_337' title='bbox 991 3485 1056 3569; x_wconf 82' lang='grc' dir='ltr'>άχρι</span> <span class='ocrx_word' id='word_1_338' title='bbox 1073 3488 1119 3544; x_wconf 82' lang='grc' dir='ltr'>καί</span> <span class='ocrx_word' id='word_1_339' title='bbox 1139 3492 1196 3564; x_wconf 78' lang='grc' dir='ltr'>τῶν1</span> <span class='ocrx_word' id='word_1_340' title='bbox 1214 3482 1406 3564; x_wconf 72' lang='grc' dir='ltr'>ἐξηρτημένων</span> <span class='ocrx_word' id='word_1_341' title='bbox 1429 3479 1434 3490; x_wconf 70' lang='grc'>’</span> 
     </span>
    </p>

    <p class='ocr_par' dir='ltr' id='par_1_11' title="bbox 225 3582 1443 4059">
     <span class='ocr_line' id='line_1_31' title="bbox 225 3582 1443 3669; baseline -0.003 -25"><span class='ocrx_word' id='word_1_342' title='bbox 225 3603 255 3652; x_wconf 77' lang='grc'>30</span> <span class='ocrx_word' id='word_1_343' title='bbox 285 3587 409 3669; x_wconf 76' lang='grc' dir='ltr'>ἐσχάτως</span> <span class='ocrx_word' id='word_1_344' title='bbox 431 3591 524 3662; x_wconf 74' lang='grc' dir='ltr'>ἡμῶν·</span> <span class='ocrx_word' id='word_1_345' title='bbox 546 3588 592 3644; x_wconf 83' lang='grc' dir='ltr'>καί</span> <span class='ocrx_word' id='word_1_346' title='bbox 616 3587 769 3668; x_wconf 68' lang='grc' dir='ltr'>πρόσφορος</span> <span class='ocrx_word' id='word_1_347' title='bbox 790 3586 895 3660; x_wconf 74' lang='grc' dir='ltr'>ἑκάστῳ</span> <span class='ocrx_word' id='word_1_348' title='bbox 915 3587 960 3642; x_wconf 80' lang='grc' dir='ltr'>καί</span> <span class='ocrx_word' id='word_1_349' title='bbox 981 3587 995 3642; x_wconf 89' lang='lat'>6</span> <span class='ocrx_word' id='word_1_350' title='bbox 1018 3585 1170 3664; x_wconf 85' lang='grc' dir='ltr'>καθαρμός.</span> <span class='ocrx_word' id='word_1_351' title='bbox 1196 3585 1260 3640; x_wconf 85' lang='grc' dir='ltr'>Οἵυν</span> <span class='ocrx_word' id='word_1_352' title='bbox 1282 3582 1338 3641; x_wconf 72' lang='grc' dir='ltr'>ἔστι</span> <span class='ocrx_word' id='word_1_353' title='bbox 1361 3585 1405 3641; x_wconf 86' lang='grc' dir='ltr'>καί</span> <span class='ocrx_word' id='word_1_354' title='bbox 1429 3583 1443 3612; x_wconf 72' lang='lat'>¹²</span> 
     </span>
     <span class='ocr_line' id='line_1_32' title="bbox 286 3679 1406 3765; baseline -0.004 -23"><span class='ocrx_word' id='word_1_355' title='bbox 286 3686 413 3761; x_wconf 88' lang='grc' dir='ltr'>σώματος</span> <span class='ocrx_word' id='word_1_356' title='bbox 428 3685 571 3761; x_wconf 85' lang='grc' dir='ltr'>μολυσμὸς</span> <span class='ocrx_word' id='word_1_357' title='bbox 585 3687 615 3742; x_wconf 86' lang='grc' dir='ltr'>τὸ</span> <span class='ocrx_word' id='word_1_358' title='bbox 630 3684 721 3757; x_wconf 82' lang='grc' dir='ltr'>πηλὸν</span> <span class='ocrx_word' id='word_1_359' title='bbox 736 3686 758 3743; x_wconf 91' lang='grc' dir='ltr'>εί</span> <span class='ocrx_word' id='word_1_360' title='bbox 772 3685 853 3765; x_wconf 72' lang='grc' dir='ltr'>τύχοι</span> <span class='ocrx_word' id='word_1_361' title='bbox 867 3685 911 3740; x_wconf 80' lang='grc' dir='ltr'>καί</span> <span class='ocrx_word' id='word_1_362' title='bbox 928 3679 1061 3764; x_wconf 82' lang='grc' dir='ltr'>βόρθορον</span> <span class='ocrx_word' id='word_1_363' title='bbox 1078 3690 1206 3755; x_wconf 75' lang='grc' dir='ltr'>πατῆσαι,</span> <span class='ocrx_word' id='word_1_364' title='bbox 1222 3683 1266 3739; x_wconf 87' lang='grc' dir='ltr'>καί</span> <span class='ocrx_word' id='word_1_365' title='bbox 1287 3683 1309 3740; x_wconf 88' lang='grc' dir='ltr'>εί</span> <span class='ocrx_word' id='word_1_366' title='bbox 1327 3684 1365 3758; x_wconf 78' lang='grc' dir='ltr'>μη</span> <span class='ocrx_word' id='word_1_367' title='bbox 1379 3704 1406 3739; x_wconf 92' lang='grc' dir='ltr'>τι</span> 
     </span>
     <span class='ocr_line' id='line_1_33' title="bbox 286 3780 1403 3866; baseline -0.003 -25"><span class='ocrx_word' id='word_1_368' title='bbox 286 3782 356 3844; x_wconf 79' lang='grc' dir='ltr'>ἄλλο</span> <span class='ocrx_word' id='word_1_369' title='bbox 375 3789 475 3866; x_wconf 80' lang='grc' dir='ltr'>προσῇ,</span> <span class='ocrx_word' id='word_1_370' title='bbox 497 3781 563 3866; x_wconf 77' lang='grc' dir='ltr'>άχρι</span> <span class='ocrx_word' id='word_1_371' title='bbox 580 3790 627 3841; x_wconf 80' lang='grc' dir='ltr'>τοῦ</span> <span class='ocrx_word' id='word_1_372' title='bbox 645 3784 775 3858; x_wconf 87' lang='grc' dir='ltr'>σώματος</span> <span class='ocrx_word' id='word_1_373' title='bbox 793 3781 866 3840; x_wconf 81' lang='grc' dir='ltr'>ἔσται</span> <span class='ocrx_word' id='word_1_374' title='bbox 885 3785 900 3839; x_wconf 94' lang='lat'>6</span> <span class='ocrx_word' id='word_1_375' title='bbox 919 3783 1074 3857; x_wconf 80' lang='grc' dir='ltr'>μολυσμός·</span> <span class='ocrx_word' id='word_1_376' title='bbox 1095 3781 1135 3839; x_wconf 87' lang='grc' dir='ltr'>διδ</span> <span class='ocrx_word' id='word_1_377' title='bbox 1154 3782 1199 3838; x_wconf 83' lang='grc' dir='ltr'>καὶ</span> <span class='ocrx_word' id='word_1_378' title='bbox 1216 3781 1321 3846; x_wconf 81' lang='grc' dir='ltr'>εὐίατός</span> <span class='ocrx_word' id='word_1_379' title='bbox 1337 3780 1403 3838; x_wconf 81' lang='grc' dir='ltr'>άστι·</span> 
     </span>
     <span class='ocr_line' id='line_1_34' title="bbox 287 3879 1405 3963; baseline -0.004 -24"><span class='ocrx_word' id='word_1_380' title='bbox 287 3880 398 3963; x_wconf 87' lang='grc' dir='ltr'>λουτρθν</span> <span class='ocrx_word' id='word_1_381' title='bbox 414 3883 465 3962; x_wconf 84' lang='grc' dir='ltr'>γάρ</span> <span class='ocrx_word' id='word_1_382' title='bbox 489 3883 567 3948; x_wconf 74' lang='grc' dir='ltr'>εὐθὺς</span> <span class='ocrx_word' id='word_1_383' title='bbox 591 3882 672 3940; x_wconf 80' lang='grc' dir='ltr'>αὐτὸν</span> <span class='ocrx_word' id='word_1_384' title='bbox 694 3881 827 3962; x_wconf 82' lang='grc' dir='ltr'>καθαίρει.</span> <span class='ocrx_word' id='word_1_385' title='bbox 848 3880 922 3938; x_wconf 80' lang='grc' dir='ltr'>’Ἐστι</span> <span class='ocrx_word' id='word_1_386' title='bbox 940 3881 985 3938; x_wconf 82' lang='grc' dir='ltr'>καί</span> <span class='ocrx_word' id='word_1_387' title='bbox 1003 3884 1052 3936; x_wconf 83' lang='grc' dir='ltr'>τοῦ</span> <span class='ocrx_word' id='word_1_388' title='bbox 1069 3881 1225 3954; x_wconf 82' lang='grc' dir='ltr'>πνείιματος</span> <span class='ocrx_word' id='word_1_389' title='bbox 1248 3879 1405 3954; x_wconf 84' lang='grc' dir='ltr'>μολυσμός·</span> 
     </span>
     <span class='ocr_line' id='line_1_35' title="bbox 286 3975 1405 4059; baseline -0.003 -24"><span class='ocrx_word' id='word_1_390' title='bbox 286 3979 336 4036; x_wconf 82' lang='grc' dir='ltr'>άπὸ</span> <span class='ocrx_word' id='word_1_391' title='bbox 351 3981 403 4059; x_wconf 85' lang='grc' dir='ltr'>γάρ</span> <span class='ocrx_word' id='word_1_392' title='bbox 417 4001 498 4037; x_wconf 90' lang='grc' dir='ltr'>τινων</span> <span class='ocrx_word' id='word_1_393' title='bbox 512 3979 606 4054; x_wconf 90' lang='grc' dir='ltr'>αἰτμῶν</span> <span class='ocrx_word' id='word_1_394' title='bbox 621 3979 645 4036; x_wconf 88' lang='grc' dir='ltr'>εί</span> <span class='ocrx_word' id='word_1_395' title='bbox 664 3979 743 4058; x_wconf 77' lang='grc' dir='ltr'>τάχοι</span> <span class='ocrx_word' id='word_1_396' title='bbox 763 3977 790 4035; x_wconf 84' lang='grc' dir='ltr'>ἐν</span> <span class='ocrx_word' id='word_1_397' title='bbox 808 3976 898 4035; x_wconf 85' lang='grc' dir='ltr'>τοῖσδε</span> <span class='ocrx_word' id='word_1_398' title='bbox 918 3983 974 4041; x_wconf 85' lang='grc' dir='ltr'>τοῖς</span> <span class='ocrx_word' id='word_1_399' title='bbox 995 3976 1156 4056; x_wconf 81' lang='grc' dir='ltr'>ἀκαθάρτοις</span> <span class='ocrx_word' id='word_1_400' title='bbox 1176 3975 1270 4041; x_wconf 78' lang='grc' dir='ltr'>τθποις</span> <span class='ocrx_word' id='word_1_401' title='bbox 1287 3977 1332 4032; x_wconf 86' lang='grc' dir='ltr'>καί</span> <span class='ocrx_word' id='word_1_402' title='bbox 1352 3977 1405 4032; x_wconf 83' lang='grc' dir='ltr'>ἀπὸ</span> 
     </span>
    </p>
   </div>
   <div class='ocr_carea' id='block_1_3' title="bbox 286 4221 1407 4776">
    <p class='ocr_par' dir='ltr' id='par_1_12' title="bbox 286 4221 1407 4776">
     <span class='ocr_line' id='line_1_36' title="bbox 316 4221 1342 4297; baseline -0.004 -18"><span class='ocrx_word' id='word_1_403' title='bbox 316 4228 364 4279; x_wconf 85' lang='lat' dir='ltr'>NG</span> <span class='ocrx_word' id='word_1_404' title='bbox 379 4228 394 4279; x_wconf 84' lang='grc'>3</span> <span class='ocrx_word' id='word_1_405' title='bbox 410 4227 559 4297; x_wconf 86' lang='grc' dir='ltr'>πρωτίστης]</span> <span class='ocrx_word' id='word_1_406' title='bbox 574 4226 673 4293; x_wconf 83' lang='grc' dir='ltr'>πρώτης</span> <span class='ocrx_word' id='word_1_407' title='bbox 692 4227 721 4278; x_wconf 86' lang='grc' dir='ltr'>Μ</span> <span class='ocrx_word' id='word_1_408' title='bbox 737 4225 871 4284; x_wconf 64' lang='lat' dir='ltr'>omme</span> <span class='ocrx_word' id='word_1_409' title='bbox 933 4223 1009 4288; x_wconf 76' lang='grc' dir='ltr'>ίμέν</span> <span class='ocrx_word' id='word_1_410' title='bbox 1024 4236 1078 4274; x_wconf 77' lang='lat' dir='ltr'>om.</span> <span class='ocrx_word' id='word_1_411' title='bbox 1096 4223 1123 4274; x_wconf 87' lang='lat' dir='ltr'>M</span> <span class='ocrx_word' id='word_1_412' title='bbox 1189 4221 1342 4289; x_wconf 60' lang='lat' dir='ltr'>hfiaddidi</span> 
     </span>
     <span class='ocr_line' id='line_1_37' title="bbox 286 4293 1406 4366; baseline -0.004 -16"><span class='ocrx_word' id='word_1_413' title='bbox 286 4299 316 4350; x_wconf 85' lang='lat'>10</span> <span class='ocrx_word' id='word_1_414' title='bbox 330 4303 455 4353; x_wconf 86' lang='grc' dir='ltr'>κατελθών</span> <span class='ocrx_word' id='word_1_415' title='bbox 470 4299 565 4365; x_wconf 69' lang='lat' dir='ltr'>scripsi</span> <span class='ocrx_word' id='word_1_416' title='bbox 581 4313 588 4348; x_wconf 88' lang='lat'>:</span> <span class='ocrx_word' id='word_1_417' title='bbox 602 4302 729 4366; x_wconf 86' lang='grc' dir='ltr'>κατορθῶν</span> <span class='ocrx_word' id='word_1_418' title='bbox 741 4297 802 4348; x_wconf 83' lang='lat' dir='ltr'>libri</span> <span class='ocrx_word' id='word_1_419' title='bbox 864 4295 895 4347; x_wconf 76' lang='lat'>12</span> <span class='ocrx_word' id='word_1_420' title='bbox 912 4293 973 4360; x_wconf 82' lang='grc' dir='ltr'>έστι]</span> <span class='ocrx_word' id='word_1_421' title='bbox 987 4297 1026 4347; x_wconf 83' lang='grc' dir='ltr'>έπί</span> <span class='ocrx_word' id='word_1_422' title='bbox 1043 4295 1070 4344; x_wconf 92' lang='grc' dir='ltr'><strong><em>Μ</em></strong></span> <span class='ocrx_word' id='word_1_423' title='bbox 1136 4296 1166 4346; x_wconf 77' lang='grc'>13</span> <span class='ocrx_word' id='word_1_424' title='bbox 1182 4296 1314 4363; x_wconf 84' lang='grc' dir='ltr'>Σωκράτη,</span> <span class='ocrx_word' id='word_1_425' title='bbox 1329 4317 1359 4360; x_wconf 83' lang='grc' dir='ltr'>τη</span> <span class='ocrx_word' id='word_1_426' title='bbox 1370 4299 1406 4346; x_wconf 68' lang='lat' dir='ltr'>A*</span> 
     </span>
     <span class='ocr_line' id='line_1_38' title="bbox 287 4364 1406 4438; baseline -0.004 -17"><span class='ocrx_word' id='word_1_427' title='bbox 287 4371 423 4438; x_wconf 77' lang='grc' dir='ltr'>Σωκράτην</span> <span class='ocrx_word' id='word_1_428' title='bbox 439 4371 467 4434; x_wconf 76' lang='grc' dir='ltr'><strong><em>Μ</em></strong></span> <span class='ocrx_word' id='word_1_429' title='bbox 531 4372 573 4422; x_wconf 80' lang='grc' dir='ltr'>τὀν</span> <span class='ocrx_word' id='word_1_430' title='bbox 584 4370 703 4420; x_wconf 78' lang='lat' dir='ltr'>seclusi:</span> <span class='ocrx_word' id='word_1_431' title='bbox 719 4371 747 4421; x_wconf 71' lang='grc' dir='ltr'>τὸ</span> <span class='ocrx_word' id='word_1_432' title='bbox 760 4371 819 4420; x_wconf 62' lang='lat' dir='ltr'>As?</span> <span class='ocrx_word' id='word_1_433' title='bbox 833 4383 839 4417; x_wconf 93' lang='lat'>:</span> <span class='ocrx_word' id='word_1_434' title='bbox 854 4367 917 4418; x_wconf 71' lang='lat' dir='ltr'>tort.</span> <span class='ocrx_word' id='word_1_435' title='bbox 930 4364 1031 4416; x_wconf 71' lang='lat' dir='ltr'>desunt</span> <span class='ocrx_word' id='word_1_436' title='bbox 1042 4365 1179 4416; x_wconf 71' lang='lat' dir='ltr'>nonnulla</span> <span class='ocrx_word' id='word_1_437' title='bbox 1189 4365 1217 4416; x_wconf 89' lang='lat' dir='ltr'>iu</span> <span class='ocrx_word' id='word_1_438' title='bbox 1232 4366 1332 4430; x_wconf 81' lang='lat' dir='ltr'><strong>quibus</strong></span> <span class='ocrx_word' id='word_1_439' title='bbox 1348 4380 1406 4417; x_wconf 82' lang='lat' dir='ltr'>ver-</span> 
     </span>
     <span class='ocr_line' id='line_1_39' title="bbox 288 4436 1406 4509; baseline -0.004 -17"><span class='ocrx_word' id='word_1_440' title='bbox 288 4443 351 4492; x_wconf 84' lang='lat' dir='ltr'>bum</span> <span class='ocrx_word' id='word_1_441' title='bbox 371 4445 509 4509; x_wconf 80' lang='grc' dir='ltr'>καθαρμός,</span> <span class='ocrx_word' id='word_1_442' title='bbox 528 4443 574 4493; x_wconf 78' lang='lat' dir='ltr'>eui</span> <span class='ocrx_word' id='word_1_443' title='bbox 597 4441 699 4493; x_wconf 71' lang='lat' dir='ltr'><strong>referas</strong></span> <span class='ocrx_word' id='word_1_444' title='bbox 719 4441 794 4493; x_wconf 74' lang='grc' dir='ltr'>αὐτὸν</span> <span class='ocrx_word' id='word_1_445' title='bbox 817 4441 835 4490; x_wconf 91' lang='lat' dir='ltr'>l.</span> <span class='ocrx_word' id='word_1_446' title='bbox 858 4439 888 4489; x_wconf 83' lang='lat'>15</span> <span class='ocrx_word' id='word_1_447' title='bbox 953 4437 981 4487; x_wconf 83' lang='lat'>17</span> <span class='ocrx_word' id='word_1_448' title='bbox 1004 4436 1058 4501; x_wconf 85' lang='grc' dir='ltr'>τὴν,</span> <span class='ocrx_word' id='word_1_449' title='bbox 1080 4445 1143 4487; x_wconf 79' lang='lat' dir='ltr'>anto</span> <span class='ocrx_word' id='word_1_450' title='bbox 1166 4440 1326 4504; x_wconf 84' lang='grc' dir='ltr'>μυθολογίαν,</span> <span class='ocrx_word' id='word_1_451' title='bbox 1351 4453 1406 4488; x_wconf 87' lang='lat' dir='ltr'>om.</span> 
     </span>
     <span class='ocr_line' id='line_1_40' title="bbox 288 4505 1341 4576; baseline -0.003 -13"><span class='ocrx_word' id='word_1_452' title='bbox 288 4513 355 4564; x_wconf 79' lang='grc' dir='ltr'>Ρίαι.</span> <span class='ocrx_word' id='word_1_453' title='bbox 367 4512 405 4564; x_wconf 76' lang='grc' dir='ltr'>σί.</span> <span class='ocrx_word' id='word_1_454' title='bbox 420 4512 475 4576; x_wconf 63' lang='grc' dir='ltr'>21Δ</span> <span class='ocrx_word' id='word_1_455' title='bbox 513 4513 588 4572; x_wconf 73' lang='grc' dir='ltr'>θθᾶς</span> <span class='ocrx_word' id='word_1_456' title='bbox 603 4516 741 4570; x_wconf 79' lang='grc' dir='ltr'>Αενιοῦς</span> <span class='ocrx_word' id='word_1_457' title='bbox 756 4512 820 4562; x_wconf 75' lang='lat' dir='ltr'><strong>libri</strong></span> <span class='ocrx_word' id='word_1_458' title='bbox 834 4511 921 4574; x_wconf 76' lang='grc' dir='ltr'>(ἂςεα</span> <span class='ocrx_word' id='word_1_459' title='bbox 938 4511 981 4566; x_wconf 75' lang='grc' dir='ltr'>οὓς</span> <span class='ocrx_word' id='word_1_460' title='bbox 997 4505 1028 4571; x_wconf 81' lang='lat' dir='ltr'>E)</span> <span class='ocrx_word' id='word_1_461' title='bbox 1071 4507 1341 4576; x_wconf 74' lang='grc' dir='ltr'>’θόιπανάδραμιΜ</span> 
     </span>
     <span class='ocr_line' id='line_1_41' title="bbox 287 4575 1407 4646; baseline -0.002 -13"><span class='ocrx_word' id='word_1_462' title='bbox 287 4575 334 4633; x_wconf 71' lang='grc' dir='ltr'>θαι</span> <span class='ocrx_word' id='word_1_463' title='bbox 348 4597 383 4632; x_wconf 83' lang='lat' dir='ltr'>ex</span> <span class='ocrx_word' id='word_1_464' title='bbox 399 4575 447 4633; x_wconf 78' lang='grc' dir='ltr'>ὦδε</span> <span class='ocrx_word' id='word_1_465' title='bbox 463 4585 495 4644; x_wconf 81' lang='grc' dir='ltr'>Α,</span> <span class='ocrx_word' id='word_1_466' title='bbox 511 4583 550 4633; x_wconf 78' lang='lat' dir='ltr'>sio</span> <span class='ocrx_word' id='word_1_467' title='bbox 564 4583 704 4646; x_wconf 76' lang='lat' dir='ltr'><strong>&#39;depictum</strong></span> <span class='ocrx_word' id='word_1_468' title='bbox 720 4589 750 4632; x_wconf 94' lang='grc' dir='ltr'>υι</span> <span class='ocrx_word' id='word_1_469' title='bbox 762 4581 848 4644; x_wconf 78' lang='lat' dir='ltr'><strong>possis</strong></span> <span class='ocrx_word' id='word_1_470' title='bbox 863 4581 954 4644; x_wconf 79' lang='lat' dir='ltr'>legere</span> <span class='ocrx_word' id='word_1_471' title='bbox 968 4581 1032 4628; x_wconf 78' lang='grc' dir='ltr'>τῶδε</span> <span class='ocrx_word' id='word_1_472' title='bbox 1045 4594 1051 4628; x_wconf 91' lang='lat'>:</span> <span class='ocrx_word' id='word_1_473' title='bbox 1066 4580 1130 4646; x_wconf 76' lang='grc' dir='ltr'>τῷδε</span> <span class='ocrx_word' id='word_1_474' title='bbox 1146 4577 1174 4626; x_wconf 88' lang='grc' dir='ltr'><strong><em>Μ</em></strong></span> <span class='ocrx_word' id='word_1_475' title='bbox 1239 4578 1270 4627; x_wconf 84' lang='lat'>29</span> <span class='ocrx_word' id='word_1_476' title='bbox 1286 4582 1328 4630; x_wconf 76' lang='grc' dir='ltr'>καὶ</span> <span class='ocrx_word' id='word_1_477' title='bbox 1343 4587 1407 4631; x_wconf 74' lang='lat' dir='ltr'>ante</span> 
     </span>
     <span class='ocr_line' id='line_1_42' title="bbox 286 4649 1406 4716; baseline -0.003 -11"><span class='ocrx_word' id='word_1_478' title='bbox 286 4654 449 4706; x_wconf 68' lang='grc' dir='ltr'>ἀπάθεια-Μ</span> <span class='ocrx_word' id='word_1_479' title='bbox 515 4654 717 4706; x_wconf 62' lang='lat' dir='ltr'>animabant</span> <span class='ocrx_word' id='word_1_480' title='bbox 737 4652 904 4708; x_wconf 62' lang='lat' dir='ltr'>Momm</span> <span class='ocrx_word' id='word_1_481' title='bbox 969 4649 1406 4716; x_wconf 70' lang='grc' dir='ltr'>34άπδγᾶρ-74,3μολιισμ“ος</span> 
     </span>
     <span class='ocr_line' id='line_1_43' title="bbox 286 4727 392 4776; baseline 0.009 -1"><span class='ocrx_word' id='word_1_482' title='bbox 286 4738 339 4776; x_wconf 88' lang='lat' dir='ltr'>om.</span> <span class='ocrx_word' id='word_1_483' title='bbox 363 4727 392 4776; x_wconf 76' lang='lat' dir='ltr'><strong>M</strong></span> 
     </span>
    </p>
   </div>
   <div class='ocr_carea' id='block_1_4' title="bbox 0 0 1834 5686">
    <p class='ocr_par' dir='ltr' id='par_1_13' title="bbox 0 0 1834 5686">
     <span class='ocr_line' id='line_1_44' title="bbox 0 0 1834 5686; baseline 0 0"><span class='ocrx_word' id='word_1_484' title='bbox 0 0 1834 5686; x_wconf 95' lang='lat' dir='ltr'> </span> 
     </span>
    </p>
   </div>
  </div>
 </body>
</html>
