3600 5734
450 669 505 724 ιιι
526 673 587 724 του
611 667 786 724 ιιλιιοιιοε
808 668 951 724 σκιιιιοιι
972 671 1093 724 υκοιικ
1286 665 1331 730 19³

115 827 179 891 [166]
214 823 307 879 ἵππων
323 821 470 899 διαλέγεται
488 817 630 879 λαθόντων
649 823 740 903 σχέσιν
760 823 827 902 πρὸς
851 828 943 899 σῷμα,
971 823 1076 904 μορφὰς
1100 825 1144 880 καί
1167 824 1265 888 τόπους
1289 827 1335 881 καί

213 919 363 1000 μερισμοδς
384 921 429 976 καὶ
451 918 645 996 σωματοειδεῖς
666 919 826 1000 φιλοτιμίας
849 922 940 986 αὐτοῖς
960 922 1097 1003 παρέχων,
1121 921 1212 994 ἐπειδὴ
1236 921 1290 994 ἤδη
1315 927 1332 994 ἡ

211 1021 287 1100 ψυχὴ
308 1019 399 1100 σχέσιν
414 1016 591 1076 ἀναλαόοάσα
609 1019 677 1098 πρὸς
691 1026 772 1076 τοῦτο
791 1021 822 1076 τὸ
842 1025 923 1096 σῶμα
936 1021 1048 1077 καὶτῶν
1065 1023 1186 1088 ζωτικῶν
1201 1022 1334 1095 παθημά-

208 1139 264 1174 των
282 1124 332 1174 τοῦ
352 1117 478 1191 σώματος
500 1113 715 1193 μεταλαμόάνει.
735 1117 765 1174 Ἡ
781 1120 831 1197 γὰρ
847 1118 874 1175 έν
888 1123 924 1196 τῷ
940 1125 1029 1196 νοητῷ
1043 1117 1109 1175 οὖσα
1123 1121 1197 1200 ψυχὴ
1213 1119 1258 1176 καί
1275 1117 1334 1176 δια-

159 1221 174 1268 5
209 1219 286 1284 ζῶσα
304 1215 410 1294 ἐτέρους
429 1215 531 1280 ίππους
549 1213 618 1296 ἔχει,
633 1216 679 1272 τὸν
696 1223 743 1273 τοῦ
759 1223 857 1274 ταυτοῦ
871 1217 916 1272 καί
930 1217 1045 1295 θατέρου
1061 1214 1156 1294 (δῆλον
1171 1215 1209 1274 δέ·
1223 1217 1333 1296 καὶγὰρ

206 1315 254 1370 καὶ
270 1314 364 1378 αιίτοῑς
378 1319 437 1378 τοῖς
450 1320 529 1378 θεοῖς
543 1311 644 1377 ’ἵππους
659 1312 769 1370 δίδωσιν
784 1317 801 1386 ἡ
817 1313 973 1393 θεολογίαί·
990 1321 1037 1371 νῦν
1054 1313 1099 1372 οὖν
1114 1312 1216 1380 ἀ’λλους
1231 1314 1332 1377 ’ίππους

206 1407 354 1487 λαμόάνει,
368 1413 414 1468 τὸν
431 1419 479 1469 τοῦ
494 1419 586 1486 Βυμοῦ
600 1413 644 1468 καί
658 1419 707 1483 τῆς
722 1411 876 1486 ἐπιθυμίας,
892 1447 931 1456 -
945 1413 979 1468 Τδ
997 1410 1025 1469 δὲ
1038 1419 1095 1469 τοῦ
1112 1413 1226 1488 μόθου,
1242 1413 1332 1470 καίτοι

205 1511 260 1590 πρὸ
278 1510 374 1569 τοότου
395 1513 480 1585 μῦθον
499 1510 566 1567 αότά
585 1509 635 1567 οόκ
654 1511 740 1580 εἶπεν,
761 1509 835 1568 ἀλλὰ
854 1517 912 1568 νῦν·
935 1509 977 1567 διὰ
996 1511 1021 1566 τί
1042 1510 1070 1567 δέ
1089 1518 1170 1567 τοῦτο
1191 1510 1331 1587 ἑποίησεν;

207 1606 318 1680 Ἐπειδὴ
340 1609 436 1667 λοιπδν
455 1609 482 1666 ἐν
499 1609 589 1683 τούτῳ
607 1614 646 1684 τῷ
666 1609 773 1683 σώματι
792 1609 831 1673 ὡς
852 1609 880 1664 ἐν
894 1608 1031 1684 πλέσματί
1047 1609 1147 1680 ἐστινὴ
1164 1610 1253 1690 ψυχή·
1270 1608 1333 1666 δλον

143 1711 175 1759 10
206 1709 260 1787 γὰρ
274 1707 304 1764 τὸ
318 1708 381 1786 περὶ
394 1710 469 1781 ἡμᾶς
484 1707 647 1789 φαινόμενον
663 1713 743 1782 σῶμα
757 1709 801 1763 καί
815 1708 1012 1786 περιαγόμενον
1028 1709 1072 1764 καὶ
1087 1709 1101 1763 ὁ
1116 1713 1166 1772 πᾶς
1185 1706 1332 1782 διάκοσμος

206 1808 222 1862 δ
244 1805 407 1888 φαινόμενος
427 1805 504 1880 μόθῳ
528 1804 624 1865 ἔοικεν.
648 1806 765 1869 Εἰκότως
786 1803 832 1862 οὗν
853 1807 984 1885 περὶτῆς
1006 1805 1126 1886 σχέσεως
1149 1813 1198 1876 τῆς
1218 1806 1283 1884 πρὸς
1303 1805 1332 1860 τὸ

207 1909 292 1979 σῶμα
314 1912 364 1975 τῆς
387 1907 482 1985 ψυχῆς
507 1902 673 1982 βουλόμενος
697 1904 786 1960 εἰπεῖν
808 1906 911 1977 μῦθον
934 1902 1070 1963 ἐκάλεσεν.
1090 1902 1131 1960 Ἐν
1153 1901 1181 1960 δὲ
1201 1911 1258 1968 τοῖς
1280 1905 1333 1982 πρὸ

205 2001 304 2060 τοότου
318 2002 369 2059 οόκ
381 2002 468 2074 εἶπεν,
486 2001 577 2074 ἐπειδὴ
594 1998 633 2059 ἐτι
645 2001 698 2058 δίνω
713 2004 777 2074 ἦνῆ
793 2003 868 2082 ψυχὴ
884 2003 1019 2076 μετὰτῶν
1035 2007 1109 2059 θεῶν
1126 1999 1219 2066 ἄλλους
1235 2001 1334 2065 ’ίππους

206 2097 321 2182 ἔχουσα·
342 2099 383 2157 διὸ
402 2097 491 2179 ἔλεγεν
511 2100 567 2158 ἐκεῖ
589 2125 603 2154 ο
620 2097 708 2157 ἐοικέ
727 2121 770 2174 τῳ
789 2098 826 2172 δὴ
848 2095 1003 2181 ξυμφότῳ
1023 2097 1158 2174 δυνάμει
1175 2124 1202 2170 »,
1220 2100 1333 2158 ἐνταῦθα

143 2198 173 2249 15
207 2199 238 2258 δέ
253 2223 319 2281 φησι
339 2224 353 2256 ιι
368 2205 462 2280 τριχῇ
479 2196 650 2274 διείλομεν
665 2223 693 2269 υ,
712 2199 757 2255 τὸν
774 2197 892 2256 πλείονα
910 2199 1098 2278 ἀπομερισμδν
1115 2207 1166 2270 τῆς
1182 2201 1272 2279 ψυχῆς
1289 2197 1333 2254 διὰ

205 2298 312 2356 τοότων
322 2303 377 2354 τῶν
388 2291 488 2363 λέξεων
498 2296 649 2377 ἐμφαίνων.
663 2297 712 2354 Καὶ
723 2297 754 2353 τὸ
769 2297 854 2353 εἰπεῖν
869 2299 972 2376 ψυχὴν
988 2298 1129 2368 έκάστην
1145 2305 1195 2366 τῆς
1208 2297 1334 2354 όποτετε·

208 2398 382 2478 μαχισμένης
399 2396 454 2452 ἐστίΙ
470 2399 562 2476 ψυχῆς
574 2396 618 2451 καί
633 2395 723 2452 οόκέτι
737 2394 896 2473 ὁλοκλήρου
911 2391 994 2466 οόσης
1009 2392 1082 2452 ἀλλὰ
1096 2393 1276 2473 διῃρημένης.
1294 2429 1333 2440 --

104 2525 127 2573 p,
138 2510 183 2562 157
206 2497 244 2552 Τό
258 2495 287 2552 δέ
301 2497 503 2574 ίππομόρφω
521 2495 526 2573 Ι
546 2495 604 2570 μὲν
620 2491 684 2550 δόω
697 2492 774 2550 τινέ·
791 2494 993 2573 ἰππομόρφω
1010 2493 1093 2564 εἶπεν,
1114 2491 1207 2564 ἐπειδὴ
1224 2495 1332 2572 μορφὴν

207 2593 301 2658 αὐτοῖς
322 2593 464 2666 ἐπιτίθησι·
487 2594 598 2672 καὶγὰρ
619 2598 771 2673 μορφοῦται
789 2595 807 2662 ἡ
827 2592 902 2673 ψυχὴ
924 2591 1036 2648 ἐνταῦθα
1054 2593 1098 2648 καί
1119 2591 1330 2666 ἐνσωματοῦται.

144 2699 174 2748 20
206 2691 323 2756 Ἵππους
344 2691 390 2748 οὖν
413 2687 549 2766 λαμόάνει
569 2691 659 2765 ευμὸν
680 2691 725 2746 καί
746 2689 900 2764 ἐπιθυμίαν·
924 2688 1145 2774 ἡνιοχικὸνδέ
1167 2691 1198 2746 τὸ
1221 2689 1332 2768 λογικόν

205 2799 257 2862 τῆς
271 2794 376 2871 ψυχῆς.
387 2788 617 2871 -Ἡνιοχικδν
634 2787 662 2844 δὲ
678 2788 737 2845 εἷπε
751 2788 796 2844 καί
810 2787 873 2869 οόχὶ
887 2789 998 2868 ἡνίοχον
1013 2789 1051 2852 ὡς
1066 2789 1202 2868 ἀνωτέρω,
1214 2788 1333 2846 τουτέστι

208 2890 383 2963 μιμούμενον
401 2889 449 2944 τόν
467 2889 594 2970 ἡνίοχον·
614 2887 659 2943 καί
676 2886 759 2944 πόλιν
774 2885 976 2970 ἰππομόρφω
996 2887 1064 2962 εἶπε,
1082 2888 1126 2943 καί
1143 2887 1205 2967 οόχὶ
1218 2886 1330 2950 ’ίππους

206 2983 293 3057 δῆλον
314 2983 342 3042 δέ
361 2984 404 3042 διά
420 2985 459 3056 τί,
481 2983 570 3056 ἐπειδὴ
595 2987 623 3041 αί
644 2985 711 3059 μετά
732 2983 860 3058 σώματος
880 2983 1006 3063 ἐνέργειαι
1027 2993 1078 3056 τῆς
1100 2988 1192 3064 ψυχῆς
1213 2984 1262 3042 οὐκ
1282 2985 1331 3040 εἰσὶ

205 3090 331 3142 τοιαῦται
347 3086 403 3142 οἶαι
421 3081 503 3156 οόσης
520 3083 604 3156 αὐτῆς
621 3081 648 3140 ἐν
665 3089 724 3147 τοῖς
740 3088 859 3154 νοητοῖς.
876 3117 915 3126 -
933 3083 968 3138 Τό
986 3080 1015 3138 δέ
1033 3083 1086 3138 καὶ
1107 3089 1164 3138 νῦν
1183 3078 1232 3137 ἐτι
1250 3086 1332 3156 ἡμῖν

143 3190 173 3239 25
204 3188 309 3238 ταῦτα
325 3181 461 3258 μενέτω,
478 3181 519 3238 ότι
533 3179 593 3262 ἔχει
608 3177 655 3236 δόο
669 3179 769 3240 ’ίππους
784 3180 830 3235 καί
844 3179 972 3260 ἡνίοχον.
985 3213 1024 3224 -
1037 3185 1105 3236 Τῶν
1119 3177 1152 3236 δὲ
1169 3177 1205 3250 δὴ
1221 3178 1331 3235 ἰ’ππων

206 3283 222 3338 δ
240 3281 310 3355 μὶν,
322 3281 438 3361 φαμὲν,
453 3279 585 3359 ἀγαθός·
599 3279 644 3334 καὶ
657 3283 735 3335 τοῦτο
749 3278 875 3356 ἀνωτέρω
887 3273 981 3355 ἐλεγεν
994 3277 1036 3333 ότι
1046 3279 1061 3333 δ
1073 3279 1121 3352 μέν
1135 3276 1205 3333 ἐστιν
1219 3277 1329 3355 ἀγαθὸς,

205 3380 221 3434 δ
234 3375 262 3435 δέ
273 3376 383 3458 χείρων,
396 3375 440 3433 διὰ
453 3385 502 3449 τῆς
516 3373 611 3444 δυάδος
623 3375 654 3431 τό
667 3371 783 3439 δυσειδὲς
795 3382 844 3446 τῆς
859 3378 950 3455 ψυχῆς
965 3373 1177 3450 ἐνδεικνύμενος
1194 3375 1332 3430 ἀποστᾶσα

205 3477 261 3555 γὰρ
280 3483 330 3548 τῆς
350 3475 472 3540 ἱνιόσεως
491 3481 546 3531 τῶν
566 3479 642 3532 θεων
659 3473 843 3552 ἀναγκαίωςὴ
860 3475 935 3554 ψυχὴ
953 3473 991 3538 εἰς
1006 3475 1109 3552 γένεσιν
1124 3475 1169 3530 καὶ
1185 3473 1332 3553 ἑτερότητα

206 3573 365 3654 ἐμφέρεται.

242 3851 399 3904 14ίκεί246
415 3853 439 3902 Α
502 3848 532 3901 21
550 3852 666 3917 ἀνωτέρω
681 3849 728 3900 246
743 3853 765 3898 Α
829 3848 860 3898 26
878 3850 994 3915 ἀνωτέρω
1011 3847 1058 3899 246
1076 3849 1098 3900 Β

213 4075 220 4088 .
240 3999 302 4050 TIT
319 3999 350 4123 δὲ]
366 3999 438 4124 ίρφποι
451 4001 465 4050 ό
478 3999 554 4062 θυμὸς
565 3999 608 4048 καὶ
618 3999 635 4059 ἡ
645 3995 793 4060 ίπιθυμίαῦ
855 3994 884 4045 21
900 3997 1030 4062 ἡνιοχικδν
1043 3995 1112 4059 (cod.
1128 3997 1290 4063 ἠνιοχιτικόν)
1303 3997 1331 4048 τό

208 4089 330 4138 ηγιμονικ
348 4091 361 4122 ν

240 4216 288 4268 Nc
303 4215 318 4266 1
335 4217 363 4267 τό
378 4225 452 4280 σῶμα
470 4214 524 4264 ΜΕ
589 4214 683 4281 μορφὰς
698 4214 755 4263 -3
770 4222 844 4278 σῶμα
859 4227 913 4263 om.
930 4210 985 4262 ME
1000 4211 1049 4264 sed
1062 4217 1135 4264 τοῦτο
1148 4219 1211 4264 ante
1225 4217 1268 4264 καὶ

208 4289 283 4340 5τοῦ
302 4301 357 4340 om.
378 4288 406 4337 M
470 4287 528 4338 Ὶδὲ
546 4299 600 4336 om.
620 4285 648 4335 Μ
712 4285 770 4336 θῦε
789 4283 847 4334 tere
863 4297 944 4334 evan.
965 4284 993 4332 in
1013 4287 1036 4334 A
1101 4287 1200 4336 ἐποίεεν
1221 4281 1331 4346 (εἰο)Αι

271 4361 302 4410 14
317 4357 443 4426 ἐὀικέτῳ]
458 4360 559 4410 ἐοικέτω
574 4355 924 4416 Asr01.122‚15;126‚28
985 4355 1016 4405 15
1033 4358 1133 4420 φησίΑ
1196 4353 1329 4420 διείλομεν]

208 4433 336 4494 διειλόμην
350 4429 421 4480 Ρίιιί.
437 4429 516 4478 codd.
533 4442 602 4480 corr.
623 4427 773 4478 Hamnomv
837 4423 1022 4492 ἀπομερισμδν]
1040 4428 1222 4493 ἀποδιοριομδν
1239 4427 1266 4474 Μ

207 4499 240 4551 16
255 4505 315 4564 post
332 4502 418 4562 εἰπεῖν,
433 4499 504 4563 τήνδε
523 4499 626 4549 addidit
640 4503 696 4548 ΑΗ
712 4500 789 4549 εἰπεῖν
805 4498 848 4561 ἠδέ
863 4497 885 4548 Ε
902 4496 972 4559 (tort.
992 4491 1071 4560 ὧδεῖ)
1135 4498 1209 4548 16·17
1227 4499 1330 4550 ἀποτετε

210 4571 375 4638 μαχισμένης]
396 4573 629 4638 ἀποτεμαχιαμένης
647 4575 671 4620 Α
691 4571 924 4636 ἀπετεμαχισμένης
945 4569 973 4618 Μ
1038 4568 1069 4618 17
1089 4569 1140 4620 ἐστι
1154 4572 1179 4618 Α
1243 4573 1331 4644 διῃρη-

210 4642 293 4708 μένης]
308 4645 472 4709 διωρισμένης
489 4643 516 4692 Μ
581 4643 612 4692 18
628 4638 690 4706 δόω]
705 4637 750 4692 δόο
769 4641 797 4690 Μ
818 4639 890 4690 Plat.
954 4641 984 4691 23
1002 4639 1044 4691 διέι
1062 4638 1095 4705 τί]
1115 4643 1176 4691 διότι
1194 4641 1221 4690 Μ
1286 4643 1331 4692 τοῦ

209 4711 369 4779 οόιματοςΜ
435 4704 1016 4777 255513121ata⁶8oeiom2265:de
1081 4709 1280 4777 26φοιμένοιῐι.
1301 4712 1329 4761 Μ

273 4927 441 4980 ῦουιιιιιυιο
1178 4929 1207 4978 13
