3538 5686
419 637 473 688 ΕΙΣ
495 637 555 688 ΤΟΝ
581 637 756 687 ΠλλῒΩΝίλΣ
778 635 920 686 mustos
941 636 1062 686 sxom
1271 647 1304 697 23

115 798 158 864 [7⁰]
187 792 281 848 ἀπαθεῖ
291 791 337 846 καί
353 794 540 870 σωφρονοῦντι,
556 794 595 864 τῷ
612 787 640 846 δὲ
654 788 746 869 ἐρῶντι
762 791 800 864 μή
817 789 978 871 χαρίζεσθαι
993 793 1031 855 ὡς
1050 791 1164 868 ἐμπαθιῖ
1178 795 1222 850 καί
1239 817 1301 870 μαι-

187 889 299 964 νομένῳ·
319 888 349 944 τὸ
367 885 482 967 δὲπαρά
498 893 544 944 τοῦ
565 887 722 966 Σωκράτους
737 886 905 966 ἐπαγόμενον
919 889 971 971 οὐχ
986 891 1072 954 οὕτως
1088 889 1159 974 ἔχει,
1177 890 1251 950 ἀλλά
1264 899 1303 968 τῷ

185 989 260 1044 παντί1
280 985 409 1067 διαφέρει.
432 985 467 1042 Τὸ
495 987 546 1065 γάρ
571 991 610 1060 τῷ
630 984 755 1060 πλουσίῳ
776 985 794 1057 ἢ
817 991 857 1062 τῷ
877 987 929 1062 νέῳ
949 989 1117 1070 χαρίζεσθαι,
1143 989 1209 1070 ὅπερ
1231 991 1303 1067 αὐτῷ

186 1085 259 1143 δοκεῖ
278 1082 393 1157 ἔνδοξον,
415 1083 554 1162 πάγκακόν
573 1083 652 1158 ἐστιν,
673 1085 718 1141 ἅτε
739 1089 779 1160 τῷ
802 1085 849 1160 μἐν
863 1083 1012 1162 δυναμίνῳ,
1036 1093 1075 1162 τῷ
1090 1085 1119 1144 δὲ
1142 1088 1304 1166 βουλομένῳ

145 1197 158 1244 5
187 1185 223 1250 είς
237 1185 308 1241 ἀπαν
326 1181 487 1240 ἀτάσθαλον·
507 1183 553 1240 καί
569 1185 583 1239 6
597 1183 777 1264 χαριζόμενος
795 1183 900 1250 τοότοις
913 1182 988 1242 οόδάν
1007 1183 1110 1258 ἀλλοῆ-
1127 1185 1195 1260 όλην
1213 1187 1304 1270 ἀφίησι

187 1286 233 1356 την
244 1283 319 1354 ἡνίαν
332 1281 434 1346 αὐτοῖς·
448 1282 516 1338 ὥστε
529 1279 636 1359 βέλτιόν
649 1280 702 1338 ἐστι
714 1282 744 1338 τὸ
756 1288 795 1356 τῷ
805 1282 898 1354 πένητι
909 1283 954 1339 καίΙ
967 1289 1006 1358 τῳ
1017 1279 1187 1366 πρεσόοτίρῳ
1199 1285 1305 1360 μᾶλλον

186 1381 355 1462 χαρίζεσθαι.
373 1379 410 1436 Ἣ
428 1379 523 1458 ρητίον
541 1379 608 1458 πρὸς
627 1385 710 1436 ταυτα
725 1381 763 1446 ὡς
777 1381 865 1437 κανὼν
879 1379 1049 1448 διαλεκτικός
1065 1383 1145 1456 ἐστιν,
1165 1383 1233 1442 ὥστε
1252 1384 1305 1441 ἀπὸ

187 1486 240 1536 τῶν
258 1479 346 1536 αὐτῶν
362 1477 447 1546 δοξῶν
467 1478 530 1544 τοδς
552 1475 831 1558 προσδιαλεγομένους
850 1481 1041 1561 ἰσχυρίζεσθαι,
1061 1482 1080 1552 ἢ
1100 1481 1152 1538 ἀπὸ
1171 1488 1225 1540 τῶν
1245 1489 1303 1547 τοῖς

188 1585 280 1660 σοφοῖς
304 1575 452 1635 δοκοόντων
473 1579 491 1649 δ,
514 1577 566 1635 ἀπὸ
587 1582 641 1634 τῶν
665 1583 723 1643 τοῖς
746 1577 877 1651 πολλοῖς,
901 1577 978 1659 είπερ
1001 1579 1050 1637 οόκ
1070 1580 1211 1660 ἐριστικῶς
1232 1579 1306 1640 ἀλλά

134 1679 160 1729 Ιθ
188 1683 375 1757 γυμναστικῶς
399 1674 531 1752 μίλλουσι
554 1679 690 1733 ποιεῖσθαι
715 1675 777 1741 τοθς
799 1675 910 1756 λόγους.
934 1676 1008 1734 Ἐπεὶ
1026 1685 1091 1757 γοῦν
1108 1681 1122 1737 6
1141 1683 1188 1736 τοῖι
1210 1681 1306 1737 Λυσίου

189 1775 272 1854 λόγος
288 1775 439 1839 ὑπενάντιος
454 1775 520 1854 πρὸς
540 1775 570 1830 τό
588 1772 683 1832 δοκοῦν
697 1779 755 1839 τοῖς
770 1772 888 1839 πολλοῖς
904 1776 1035 1856 φαίνεται,
1053 1777 1141 1850 τίθησι
1155 1779 1200 1834 καὶ
1218 1780 1233 1834 ό
1248 1785 1307 1834 Σω-

188 1875 287 1954 κράτης
302 1880 413 1931 τοιαῦτα
428 1875 444 1930 δι
461 1873 507 1930 καί
525 1871 592 1930 αὐτὰ
609 1874 749 1931 όπενάντια
768 1877 802 1948 τῇ
817 1867 883 1950 δθζῃ
898 1880 952 1931 τῶν
966 1874 1081 1934 πολλῶν
1095 1876 1225 1958 φαίνεται·
1243 1875 1308 1943 δόξα

189 1972 218 2031 δὲ
233 1979 287 2030 τῶν
304 1971 431 2048 πολλῶν,
447 1974 537 2052 ὥσπερ
554 1971 609 2030 ἐκεῖ
627 1973 657 2028 τὸ
677 1978 716 2046 τῷ
736 1972 829 2052 ἐρῶντι
847 1973 1018 2054 χαρίζεσθαι,
1040 1975 1125 2039 οὕτως
1147 1975 1258 2049 ἐνταῦθα
1276 1977 1307 2032 τὸ

189 2077 228 2146 τῷ
246 2072 368 2141 πλουσίῳ
389 2071 435 2128 καί
453 2076 492 2146 τῷ
510 2073 572 2146 νέῳ·
594 2071 663 2128 ὥστε
682 2071 749 2151 πρὸς
767 2073 816 2142 τὴν
834 2073 926 2142 κοινὴν
945 2066 1023 2140 δόξαν
1041 2076 1055 2130 6
1073 2075 1220 2154 Σωκράτης
1240 2075 1307 2131 ἀπο-

135 2173 159 2224 15
189 2171 357 2246 τεινόμενος,
377 2171 422 2226 καί
442 2171 472 2226 τδ
493 2171 596 2249 αἰρετδν
617 2175 736 2243 σκοπῶν,
757 2170 788 2226 οό
806 2171 836 2226 τὸ
857 2169 1008 2244 λυσιτελὲς,
1028 2179 1112 2230 ταῦτα
1130 2174 1248 2244 τίθησιν.
1270 2207 1309 2217 -

191 2271 227 2326 Ἢ
242 2271 286 2326 καὶ
302 2267 409 2333 άλλως·
425 2269 492 2348 πρὸς
507 2270 537 2325 τό
551 2267 708 2348 χαρίζεσθαί
720 2267 775 2325 ἐστι
789 2277 861 2326 πᾶσα
875 2273 892 2340 ί,
908 2275 954 2326 τοῦ
971 2259 1056 2350 λόγου
1070 2270 1193 2345 δύναμις·

389 2417 486 2498 χάρις
510 2417 606 2498 χάριν
629 2417 690 2496 γάρ
714 2415 800 2473 ἐστιν
823 2421 839 2488 ί,
864 2415 1011 2474 τίκτοντ’
1035 2417 1098 2473 ἀεί·

190 2562 235 2616 καί
259 2564 276 2631 ί,
303 2560 435 2640 παροιμία
457 2561 487 2616 τό
514 2565 584 2622 τοῖς
611 2557 809 2638 ἀχαρίστοις
835 2558 1036 2638 χαρίζεσθαι
1060 2555 1106 2614 ίσα
1128 2557 1174 2614 καί
1201 2558 1231 2614 τὸ
1257 2559 1311 2615 τὸν

191 2660 304 2738 νεκρὸν
329 2659 478 2738 μυρίζειν
499 2657 613 2730 τίθησιν.
639 2655 711 2714 Ἐπεί
734 2655 779 2712 οὗν
799 2659 813 2714 6
837 2655 885 2731 μὲν
904 2657 987 2728 πένης
1008 2657 1189 2736 χαριζόμενος
1211 2657 1260 2713 οόκ
1281 2655 1311 2713 ἀν

136 2763 163 2812 20
192 2757 370 2838 ἀντιχαρίσειε
392 2757 503 2814 πώποτε
524 2756 568 2837 (οὗ
587 2755 694 2813 δόναται
716 2757 778 2834 γάρ,
804 2756 826 2811 εἰ
848 2757 894 2811 καὶ
917 2757 1031 2834 αἱρεῖται
1050 2754 1211 2834 πολλάκις),
1231 2755 1276 2811 καὶ
1296 2757 1310 2812 6

191 2853 342 2937 πρεσόότης
356 2855 461 2932 ὁμοίιος
477 2855 519 2936 (οὗ
541 2855 669 2934 βούλεται
683 2856 746 2933 γάρ,
763 2855 785 2911 εί
804 2857 849 2911 καί
862 2853 997 2918 πολλάκις
1014 2852 1146 2932 δύναται),
1163 2853 1205 2912 διά
1219 2835 1310 2927 τοῦτο,

103 2949 284 3036 Μ·ὶ1”ιί3σπερ
302 2957 307 3035 Ι
323 2957 396 3035 παρά
414 2961 454 3030 τῷ
476 2955 559 3026 Λυσία
575 2952 701 3035 χωλεόει
713 2953 744 3008 τό
764 2951 925 3033 χαρίζεσθαι
945 2956 983 3027 μή
1006 2955 1043 3017 εἰς
1062 2954 1106 3010 τὸν
1125 2953 1224 3032 ἐρῶντα
1238 2953 1310 3031 γινό-

195 3077 272 3130 μενον
290 3053 355 3111 ἀλλ’
375 3056 412 3118 είς
432 3055 530 3129 τὸνμὴ
547 3053 659 3132 ἐρῶντα,
680 3052 748 3109 θ’που
768 3073 799 3131 γε
820 3051 868 3108 οὐκ
887 3049 957 3109 ἔστιν
975 3055 993 3124 ί,
1011 3052 1160 3133 ἀντίχαρις,
1177 3051 1247 3110 οθτω
1265 3052 1311 3109 καὶ

193 3155 264 3232 παρά
281 3175 320 3233 τῳ
343 3151 480 3232 Σωκράτει
503 3151 584 3230 ἀργὸν
604 3151 634 3207 τό
657 3149 818 3232 χαρίζεσθαι
841 3147 919 3231 εἷ’περ
943 3151 980 3215 είς
1001 3151 1103 3222 πένητα
1124 3150 1141 3222 ί,
1161 3145 1313 3229 πρεσόότην

138 3257 164 3304 25
194 3251 308 3330 γίνεται,
330 3253 374 3308 τὸν
395 3252 442 3325 μὲν
463 3250 495 3307 οό
517 3248 660 3325 δυνάμενον
678 3248 906 3330 ἀντιχαρίζεσθαι,
927 3245 1020 3305 τόνδε
1041 3247 1073 3306 οὐ
1092 3246 1177 3326 βουλό
1196 3247 1200 3326 Ι
1220 3271 1310 3323 μενον.

196 3349 242 3407 Διά
253 3351 278 3406 τί
296 3349 324 3406 δὲ
339 3351 353 3406 6
368 3344 519 3428 πρεσθότης
535 3348 566 3405 οὗ
583 3347 706 3424 βοόλεται
725 3347 956 3427 ἀντιχαρίζεσθαι;
974 3345 1010 3403 Ἢ
1028 3345 1110 3418 δῆλον
1129 3347 1167 3410 ῶς
1186 3349 1224 3420 μί,
1240 3341 1312 3425 ἔχων

196 3445 313 3526 ίμπυρον
332 3449 376 3504 καὶ
394 3441 505 3518 ἡόῶσαν
524 3445 648 3504 διάθεσιν·
672 3445 727 3503 {aa}
747 3447 797 3524 γἀρ
817 3445 868 3501 άπὸ
890 3451 940 3516 τῇς
960 3444 1079 3526 ἐμφότου
1099 3441 1274 3523 θερμότητος
1293 3447 1311 3514 θ,

196 3548 345 3625 ἀγαπητικὴ
373 3545 484 3610 διάθεσις
516 3546 563 3610 τάς
595 3545 720 3626 ἀφορμάς
751 3541 818 3624 ἔχει,
853 3544 962 3608 εἰκότως
998 3542 1181 3607 ἐκλελοιπυίας
1207 3541 1312 3614 ἐκείνης

197 3644 360 3703 συστέλλεται
387 3647 430 3701 καί
457 3648 475 3715 ί,
501 3649 548 3700 τοῦ
574 3640 722 3723 πρεσόότου
747 3640 860 3706 διάθεσις
886 3643 930 3698 καὶ
957 3645 1016 3722 περί
1040 3641 1119 3698 αὐτόν
1145 3639 1315 3722 σχολάζουσι

143 3753 170 3802 θθ
197 3744 323 3825 ρίλαυτον
344 3744 428 3817 μόνον
444 3743 639 3814 ἀποκαθίστησι
654 3743 698 3798 καί
717 3740 861 3822 φιλόζωον.
879 3741 933 3797 Οόκ
952 3740 1009 3804 ἐτὸς
1028 3741 1078 3820 γάρ
1094 3742 1138 3796 καί
1156 3742 1170 3796 6
1190 3739 1260 3820 παρὰ
1275 3745 1315 3814 τῷ

200 3839 325 3922 Εὐριπίδη
340 3835 486 3904 Tam-362&
499 3861 574 3920 φησι·

228 3985 257 4037 17
279 3984 368 4034 Sovn.
392 3982 436 4032 Αἱ.
457 3981 504 4032 522
566 3979 598 4031 18
617 3981 652 4032 ot.
678 3983 817 4031 Αιιοετοε.
843 3979 881 4030 1v
905 3979 936 4030 68
958 3993 977 4028 ιι
1001 3979 1130 4042 ίίκιιιιεοθ
1146 3977 1172 4028 11
1198 3977 1253 4036 ³2³.
1275 3978 1315 4038 15)

201 4057 334 4124 ἀχάριστον
354 4053 489 4122 εὐεργετεῖν
508 4055 550 4104 καί
568 4053 656 4118 νεκρόν
677 4055 783 4118 μυρίζιιν
803 4053 837 4104 ἐνὶ
853 4047 996 4117 σίγκιιτσιι;
1011 4050 1091 4102 ΧΙΙθ
1107 4049 1171 4112 1542,
1186 4050 1210 4112 7)
1228 4051 1315 4116 νεκρδν

203 4134 313 4194 μυρίζιις
330 4129 431 4178 ἐπὶτῶν
446 4123 583 4177 ἀδυνάτων.
601 4125 654 4174 Pro
669 4125 704 4176 ῖνὶ
719 4119 847 4189 σόγκιιται
860 4123 922 4187 lege
938 4135 1003 4174 cum
1019 4122 1084 4173 Jou-
1100 4123 1228 4176 υλειλεο,
1243 4121 1267 4170 11
1285 4119 1315 4182 33

202 4200 292 4256 ιδτοιι.
313 4197 400 4249 Mein.
420 4197 456 4247 lv
474 4195 531 4258 181)
548 4201 572 4247 ιν
592 4199 640 4262 ἴσῳ
659 4200 737 4246 κεῖται
800 4195 831 4244 30
845 4193 891 4246 οὐκ
906 4221 936 4230 -
950 4193 991 4250 2⁴.
1007 4193 1022 4244 2
1041 4195 1145 4262 ίχρηζον
1167 4193 1223 4254 jam
1242 4191 1313 4242 edid.

203 4269 315 4403 μυιιιιιρ.
326 4269 365 4394 μθ
381 4267 449 4320 Tim.
465 4282 492 4332 p.
507 4267 639 4319 2000x1’
702 4265 731 4317 31
746 4265 809 4316 Ηεο.
822 4263 912 4316 ίθθ·98
925 4268 1005 4332 γίρων
1022 4268 1063 4330 μέν
1078 4253 1135 4330 ιίμ’.
1151 4264 1219 4329 ὅμως
1233 4266 1259 4316 δί
1275 4281 1316 4328 μοι

216 4349 278 4395 ανεῖν
313 4361 352 4406 εη

232 4441 276 4492 NC
292 4439 333 4491 1·2
350 4437 501 4506 μαινομένην]
511 4441 666 4505 μαργοιμόνῳ
678 4437 705 4486 Μ
719 4449 726 4485 t
739 4439 887 4502 μαργομένῳ
900 4435 930 4485 Β1
996 4435 1010 4482 3
1023 4437 1052 4486 τδ
1062 4436 1111 4501 γάρ
1123 4435 1167 4502 τῷ]
1178 4443 1212 4502 τῷ
1227 4433 1276 4500 γάρ
1287 4433 1314 4482 Μ

259 4515 274 4562 5
289 4515 323 4572 είς
337 4526 395 4562 om.
416 4510 445 4560 M
509 4508 601 4574 ἀφίησι]
617 4511 704 4574 ἀφίησι
719 4507 771 4556 ΒΜ
836 4507 899 4575 θεῷ
914 4511 978 4558 ante
990 4509 1148 4574 πρεοόυτὲρῳ
1158 4519 1213 4556 om.
1226 4505 1253 4554 M

203 4579 687 4652 9-1οἐριστικοὺςκαίγυμναστικοὺςΜ
754 4576 1103 4643 11ὑπεναντίος]ίναντ1οςΜ
1168 4577 1198 4627 13
1208 4587 1243 4644 τῷ
1253 4581 1317 4627 ante

205 4654 400 4723 ἐρῶντιοω.Μ
466 4653 496 4703 17
509 4651 558 4720 γάρ
574 4651 646 4719 χάριν
658 4650 710 4700 ΒΜ
776 4653 894 4702 τίκτουσα
910 4649 963 4700 ΒΜ
1029 4647 1060 4699 18
1072 4651 1115 4699 καί
1128 4646 1253 4716 τδίτῷΜ

204 4726 233 4776 20
246 4726 359 4795 αίρεῖταιΙ
374 4729 464 4792 ἀρεῖται
479 4723 506 4773 Μ
522 4737 527 4772 1
545 4727 659 4790 πειρᾶται
673 4723 746 4772 coni.
758 4725 815 4770 ΛΒΤ
878 4723 899 4772 εί
911 4733 966 4778 om.
979 4720 1005 4769 M
1070 4717 1101 4768 27
1114 4719 1158 4784 τὴν
1169 4717 1276 4771 διάθεσιν
1287 4718 1315 4768 Μ

260 4797 290 4849 ‘39
306 4803 369 4850 ante
387 4795 461 4848 αὑτὸν
478 4794 528 4844 litt.
546 4793 637 4845 deleta
654 4794 682 4842 in
704 4797 726 4843 Α
