3538 5686
718 549 962 602 PHOLEGOHENA
1363 578 1401 613 vu

284 718 352 800 pari
376 737 450 799 erga
471 717 603 776 miseros
624 714 819 774 liberalitate.
838 712 944 795 ltaque
964 715 1117 798 conjicere
1137 740 1304 800 possumus
1321 721 1403 781 Her-

286 827 374 886 miam
397 826 515 885 felicem
540 823 797 904 tranquillamque
816 825 908 884 vitam
938 828 1041 907 egisse
1059 852 1066 886 τ
1084 850 1184 911 neque
1205 832 1285 892 enim
1308 834 1402 912 quid-

287 955 375 1013 quam
391 936 428 994 de
440 953 476 992 eo
491 932 539 992 vel
554 933 705 991 incertum
721 932 873 991 audimus.
892 932 967 993 Nam
986 937 1070 1015 quod
1086 935 1197 998 Suidas
1219 959 1256 998 ex
1271 938 1404 1020 Agatbia

286 1056 399 1116 narrat,
418 1043 574 1102 Hermiam
590 1043 751 1121 quemdam
775 1042 806 1100 in
829 1041 956 1103 Persam
980 1044 1113 1125 legatum
1139 1047 1234 1108 luisse
1250 1069 1318 1106 cum
1334 1047 1403 1108 aliis

286 1149 491 1232 philosophis,
508 1169 570 1208 non
584 1150 622 1209 ad
640 1161 779 1208 nostrum
791 1149 913 1209 ridetur
926 1151 1096 1231 pertinere,
1112 1173 1181 1213 cum
1203 1174 1303 1234 neque
1324 1167 1403 1214 tem-

284 1277 360 1337 pora
374 1264 531 1316 constent¹
550 1268 581 1316 et
595 1255 646 1314 ille
670 1275 686 1313 e
712 1254 870 1315 Phoenicia
895 1257 991 1316 luisse
1011 1260 1112 1318 dietus
1135 1260 1186 1320 sit.
1212 1259 1279 1320 Hoc
1303 1262 1403 1321 solum

286 1365 369 1424 credi
381 1377 496 1445 potest,
513 1383 582 1422 eum
596 1363 719 1444 publice
733 1361 926 1422 Alexandria
941 1367 1098 1438 docuisse,
1108 1388 1177 1427 cum
1193 1371 1232 1428 de
1244 1369 1326 1428 victu
1343 1369 1372 1429 ei
1386 1390 1404 1429 a

285 1470 403 1530 civibus
415 1471 485 1529 dato
492 1469 635 1548 loquatur
656 1467 766 1528 Suidas
775 1492 783 1541 ;
803 1468 860 1528 hoc
880 1490 955 1530 vero
970 1483 1098 1544 certum,
1112 1494 1180 1533 eum
1196 1488 1265 1535 ante
1277 1495 1403 1535 uxorem

285 1590 437 1636 mortuum
458 1595 527 1634 esse
543 1577 684 1654 duosque
704 1575 796 1648 filios,
814 1574 1009 1637 Ammonium
1032 1593 1062 1640 et
1082 1580 1296 1658 Heliodorum,
1313 1582 1403 1643 etiam

283 1696 346 1742 tum
368 1682 516 1762 parvulos
534 1682 712 1763 reliquisse,
730 1682 783 1761 qui
803 1685 893 1741 ambo
909 1697 1018 1764 postea
1037 1687 1130 1768 longe
1150 1687 1296 1769 majorem
1316 1705 1404 1770 patre

284 1791 413 1871 gloriam
436 1791 539 1870 adepti
563 1803 644 1850 sunt.
669 1790 835 1850 Nemeum
858 1793 886 1852 ei
908 1805 1029 1874 tempus
1052 1797 1202 1856 defuisset
1223 1810 1256 1856 ut
1271 1797 1353 1856 lilios
1373 1798 1404 1857 in

283 1896 481 1979 philosophia
505 1898 691 1970 institueret,
718 1897 749 1956 id
773 1898 902 1958 AEdesia
931 1885 1013 1959 omni
1038 1895 1143 1962 animo
1164 1905 1281 1965 curavit
1302 1917 1336 1964 ut
1359 1905 1404 1964 cis

283 2004 381 2085 patris
404 2004 563 2063 seientiam
581 2004 669 2083 quasi
690 2003 849 2063 heredium
870 2007 1016 2079 traderet,
1037 2009 1220 2089 videturque
1240 2009 1303 2070 hee
1325 2031 1404 2070 nova

284 2117 340 2176 sed
354 2117 450 2176 multo
466 2117 569 2175 mitior
585 2114 728 2175 Cornelia
745 2129 818 2176 tune
841 2119 969 2177 maxime
987 2121 1125 2179 miranda
1144 2120 1252 2192 luisse,
1274 2142 1352 2200 quae
1372 2122 1403 2180 in

284 2226 393 2285 iisdem
418 2245 543 2305 semper
566 2224 813 2295 liberalitatibus,
839 2246 1013 2306 quanquam
1038 2227 1118 2286 baud
1143 2249 1253 2308 magna
1275 2229 1404 2309 praedita
1471 2249 1473 2254 ·

284 2335 416 2404 fortuna,
443 2343 600 2412 pergeret,
633 2331 786 2412 simulque
814 2332 906 2403 lilios,
938 2334 1050 2394 Proclo
1077 2333 1250 2415 adjuvante,
1278 2337 1316 2395 ad
1344 2336 1403 2395 viri

283 2453 399 2501 atatem
415 2443 582 2500 deduceret
599 2453 628 2500 et
647 2441 715 2520 ipsa
734 2439 883 2514 Athenas,
900 2462 962 2521 quo
984 2440 1102 2500 facilius
1123 2441 1289 2514 discerent,
1307 2443 1404 2500 comi-

283 2561 409 2608 taretur.
436 2548 482 2608 De
506 2546 670 2608 Ammonio
694 2547 927 2627 Heliodoroque
950 2546 1104 2608 Damascii
1130 2559 1159 2607 et
1183 2547 1313 2607 aliorum
1339 2568 1404 2607 ma-

282 2660 390 2740 gistris
407 2661 481 2720 satis
494 2671 631 2732 constat;
647 2659 781 2739 deniqne
798 2660 835 2718 de
849 2657 981 2716 Hermiae
996 2659 1089 2718 fratre
1102 2660 1234 2737 quodam
1249 2655 1403 2738 Gregorio

282 2768 435 2838 audimus,
453 2769 505 2847 qui
526 2781 556 2826 et
576 2768 644 2847 ipse
659 2766 895 2846 philosophatus
912 2777 970 2835 est,
985 2765 1074 2845 isque
1093 2764 1273 2824 acutissimo
1288 2765 1401 2837 animo,

283 2878 339 2935 sed
354 2877 489 2935 nondum
503 2877 588 2934 senis
604 2887 635 2934 et
650 2873 792 2953 corporis
808 2887 838 2933 et
853 2873 963 2932 mentis
979 2893 1067 2931 nsum
1081 2873 1228 2952 perdidit.
1250 2917 1259 2940 .,

325 2983 370 3042 Ex
386 2985 424 3042 iis
449 3003 515 3063 quae
540 2981 722 3042 Damascius
744 2981 781 3039 de
804 2978 930 3038 Hermia
948 2992 1053 3039 narrat
1068 2991 1197 3061 apparet
1212 2979 1297 3038 illum
1312 2977 1403 3057 plane

282 3091 409 3170 dignum
435 3091 530 3148 luisse
554 3089 608 3169 qui
629 3086 786 3147 AEdesiam
814 3086 942 3146 haberet
965 3085 1138 3168 conjugem.
1154 3086 1230 3146 Nam
1250 3105 1285 3144 ea
1300 3083 1403 3142 indole

281 3197 432 3276 praeditus
444 3215 513 3255 esse
524 3195 638 3254 dicitur
651 3207 684 3254 ut
696 3214 764 3253 eum
778 3213 815 3252 ne
827 3193 949 3253 Momus
963 3193 1099 3273 quidem,
1116 3205 1149 3251 ut
1164 3193 1259 3261 aiunt,
1271 3190 1402 3249 irridere

282 3304 432 3362 voluisset
443 3316 472 3362 et
494 3323 562 3361 cum
578 3302 646 3360 aliis
662 3300 829 3360 virtutibus
844 3313 983 3370 ornatus,
999 3313 1063 3358 tum
1078 3299 1249 3378 praesertim
1264 3315 1402 3355 mansue·

282 3413 387 3473 tudine
405 3426 434 3471 et
455 3414 608 3492 aequitate.
622 3411 803 3493 Exemplum
819 3411 946 3470 affertur
958 3411 1042 3491 quod
1057 3410 1312 3489 quotiescumque
1328 3406 1402 3486 quid

284 3532 443 3578 emeret—
456 3533 486 3578 ct
502 3520 672 3598 saepissime
683 3520 781 3577 libros
798 3531 902 3598 utpote
918 3517 1177 3597 diligentissimus
1192 3515 1398 3595 philosophus

282 3629 401 3686 emebat
415 3627 494 3684 -si
508 3627 586 3684 lorte
600 3626 745 3685 venditor
758 3624 851 3685 vilius
865 3638 986 3705 peteret
1000 3625 1145 3704 pretium,
1163 3637 1318 3683 errantem
1335 3643 1400 3682 eor·

281 3733 412 3813 rigebat,
430 3753 468 3792 ne
488 3733 641 3792 volentem
660 3731 785 3812 quidem
808 3734 956 3791 frustrare
972 3743 1112 3790 conatus.
1135 3729 1227 3788 Domi
1255 3741 1285 3788 et
1302 3729 1402 3809 patris

282 3855 313 3901 et
323 3839 464 3923 conjugis
476 3843 656 3900 muneribus
672 3841 787 3922 optime
800 3842 922 3900 functus
932 3853 990 3918 est,
1005 3859 1067 3898 non
1080 3840 1121 3898 ita
1131 3852 1231 3899 tamen
1242 3851 1276 3898 ut
1285 3860 1401 3920 pueros

281 3951 412 4032 puerilia
437 3953 553 4011 sineret
578 3951 695 4022 doceri,
721 3951 801 4010 sieut
825 3971 861 4009 ex
882 3951 1044 4009 historiola
1059 3952 1189 4030 quadam
1216 3970 1307 4029 quam
1332 3949 1402 4010 vide

281 4062 363 4140 apud
379 4060 587 4136 Damascium‚
605 4058 654 4119 illa
670 4060 794 4138 quidem
810 4079 872 4118 non
888 4073 935 4118 sat
948 4059 1125 4139 perspicua,
1143 4058 1221 4117 disci
1234 4069 1348 4138 potest.
1366 4057 1400 4116 ln

280 4168 479 4249 philosophia
494 4181 605 4240 autem,
630 4181 663 4226 ut
678 4168 824 4240 diximus,
839 4187 958 4226 summa
972 4167 1132 4247 diligentia
1148 4165 1291 4225 excelluit
1307 4189 1313 4223 :
1331 4185 1400 4223 nam

281 4288 311 4336 et
325 4275 447 4355 Syriani
458 4277 552 4334 verba
563 4276 710 4334 memoria
726 4295 849 4354 semper
862 4279 993 4341 tenebat,
1009 4295 1109 4355 neque
1125 4273 1305 4356 cujusquam
1317 4277 1401 4354 quod

313 4504 408 4553 hilam
420 4503 541 4552 Hermiae
555 4505 601 4552 ille
612 4504 645 4551 ed
659 4503 801 4552 Chosroem
812 4521 871 4551 cum
880 4503 1016 4566 Simplicio
1027 4509 1053 4550 et
1062 4503 1201 4552 Damascio
1212 4503 1400 4568 proficiscitur,

281 4576 325 4640 qui
343 4576 421 4623 ambo
433 4575 613 4634 Heliodorum,
626 4575 711 4624 nostri
722 4575 834 4623 Hermiae
847 4575 940 4632 filium,
953 4575 1118 4632 oudit¹erunt;
1133 4575 1289 4624 Heliodorus
1303 4581 1399 4632 eutem,

280 4661 340 4780 {gapt
353 4653 431 4709 puter
442 4645 552 4705 interiit,
570 4645 781 4694 adolescentulus
796 4652 860 4692 erut.
878 4645 971 4707 (said,
990 4661 1010 4692 ι.
1022 4661 1048 4697 v.
1057 4648 1171 4712 πρέσῆεις
1185 4661 1216 4692 ex
1226 4646 1349 4708 Agathia,
1365 4645 1398 4704 ll,
