3660 5686
462 603 516 654 ΕΙΣ
537 602 600 653 TON
622 601 798 653 ΠΑΛΤΩΝΟΣ
820 599 964 652 ΦΑΙΔΡΟΝ
986 598 1111 650 ΣΧΟΛΙΔ
1319 607 1348 660 71

145 765 192 829 196]
226 758 281 815 ούκ
300 756 390 831 δπᾷδιι
410 765 461 831 τῆς
485 763 660 834 Σωκρατικῆς
681 750 838 819 εύλαύείας.
861 753 971 819 Τούτοις
992 753 1040 812 ούν
1061 755 1157 812 ίαυτοῦ
1177 752 1351 834 παραθιίλλει

224 858 279 931 τὴν
294 858 421 932 μαντικὴν
436 857 451 912 θ
467 854 615 934 Σωκράτης
627 855 664 920 ὠς
680 855 747 932 πρὸς
763 855 813 924 τήν
830 852 907 910 Βείαν
922 853 967 909 καί
988 851 1133 928 δαιμονίαν
1149 855 1294 928 μαντικήν.
1311 887 1351 900 -

222 956 261 1012 Τδ
281 953 307 1012 δε
325 955 485 1030 μαντικόν
504 954 540 1032 γί
559 975 590 1010 τι
606 953 661 1010 καί
681 956 699 1023 ἡ
719 954 807 1033 ψυχή
828 950 935 1017 οίκείως
949 952 1010 1008 εἶπε
1024 953 1069 1009 καί
1088 951 1206 1024 άληθῶς·
1226 949 1286 1033 ἔχει
1301 953 1351 1028 μὶν

222 1053 315 1132 γάρτι
329 1053 470 1128 μαντικόν,
481 1051 560 1112 ,ἀλλά
576 1051 672 1130 μικρόν
686 1072 714 1110 τε
727 1051 773 1107 καί
785 1048 1010 1125 άπεστενωμίνον
1023 1051 1070 1106 καί
1085 1049 1219 1130 ἀμαυρόν·
1236 1053 1284 1110 ἅτε
1299 1051 1350 1131 γάρ

160 1163 175 1210 5
223 1150 324 1228 λογική
344 1149 411 1208 ούσα
431 1150 507 1231 ρύσις
528 1149 691 1230 στοχάζεται
711 1145 847 1213 πολλάκις
867 1144 1015 1220 ίπηόύλως
1034 1150 1094 1228 περὶ
1114 1154 1169 1205 τῶν
1190 1147 1351 1225 μελλόντων

222 1249 274 1304 καί
288 1249 354 1318 αύτὴ
365 1247 411 1330 ἀρ’
420 1249 517 1319 ίαυπῖς
531 1247 690 1322 κινουμένη,
701 1247 747 1303 καί
759 1243 793 1302 δι’
803 1245 948 1325 δρνίθωνῆ
961 1243 1057 1303 ἄλλων
1070 1251 1151 1302 τινῶν
1164 1253 1351 1328 στοχαστικῶν

221 1343 384 1422 συμύόλων·
399 1345 441 1404 διδ
456 1347 563 1409 οἰκείως
579 1345 621 1402 ἐπί
635 1353 687 1416 τῆς
701 1347 792 1426 ψυχῆς
806 1345 837 1401 τὸ
851 1345 882 1401 τί
898 1343 1065 1424 προσέθηκεν
1081 1345 1118 1411 ὡς
1129 1345 1196 1426 πρὸς
1212 1348 1263 1418 τήν
1276 1346 1353 1404 θείαν

224 1447 371 1520 μαντικήν.
392 1477 432 1488 -
449 1445 484 1500 Τὸ
503 1440 532 1500 δὲ
553 1441 794 1518 ἐδυσωπούμην
813 1437 1021 1500 κατ’Ἶύυκον
1041 1444 1165 1502 τοιοῦτόν
1183 1443 1265 1500 ἐστιν·
1289 1469 1303 1498 ιι
1320 1444 1351 1500 ού

225 1543 363 1622 βούλομαι
381 1547 561 1622 προσκροῦσαι
578 1547 637 1606 τοῖς
655 1547 731 1606 Βεοῖς
748 1541 794 1598 καί
813 1543 944 1621 ἁμαρτεῖν
962 1541 1027 1620 παρ’
1042 1541 1133 1606 αὐτοῖς
1153 1541 1197 1600 διά
1216 1544 1266 1614 τὴν
1280 1543 1353 1622 παρά

156 1651 188 1702 10
215 1647 282 1707 ,τοῖς
308 1640 458 1718 άνθρόνποις
481 1641 565 1715 τιμὴν
587 1639 633 1696 καί
661 1637 847 1715 εὐδοκίμησιν.
869 1637 1130 1715 Ἐδυσωπούμην
1153 1638 1200 1697 οὖν
1224 1640 1282 1696 ἀντὶ
1303 1644 1362 1717 τοῦἸ

220 1736 417 1814 ηύλαύούμην.
453 1791 456 1796 ,

29 1923 30 1930 ,
114 1903 210 1952 pm·
268 1883 317 1954 ξζῖ
341 1884 660 1970 Δεενδνῷψαῑδρε]
684 1885 742 1944 242
765 1885 806 1945 D.

264 2027 330 2110 Τρία
348 2029 462 2110 ίγκαλεῑ
480 2035 520 2104 τῷ
538 2027 616 2109 λόγῳ
635 2033 675 2104 τῷ
692 2035 741 2087 τού
755 2029 867 2107 Λυσίου,
883 2029 930 2088 καὶ
943 2029 1004 2088 κατ’
1022 2028 1152 2102 ἀλήθειαν
1166 2031 1199 2087 τὰ
1215 2031 1286 2112 τρία·
1301 2037 1353 2108 Ιτού

221 2131 277 2210 γάρ
290 2129 428 2210 χειρίστου
443 2127 545 2208 ἔρωτος
558 2129 593 2200 ἦν
607 2126 721 2207 δραστὴς
734 2129 779 2186 καί
792 2130 890 2187 τούτου
904 2127 959 2210 ἤρα
970 2130 1017 2186 καί
1031 2115 1177 2210 ἐφήπτετο·
1197 2133 1238 2205 τῷ
1258 2129 1287 2188 δὶ
1304 2137 1353 2190 τοῦ
1421 2115 1426 2122 ’

154 2239 186 2292 15
223 2228 425 2306 Σωκράτους...
443 2226 480 2290 ὡς
492 2227 559 2305 πρὸς
577 2226 715 2305 σύγκρισιν
728 2229 778 2282 τού
795 2223 906 2283 τελείου
923 2226 969 2282 καί
988 2226 1027 2290 ὡς
1042 2229 1111 2284 Βεοῡ
1130 2223 1244 2305 ἔρωτος,
1261 2225 1351 2299 ἐπειδὴ

220 2325 346 2406 περὶτοῦ
360 2325 444 2400 μίσου
457 2323 491 2393 ἧν
506 2321 608 2404 ίρωτοε
623 2325 638 2382 ό
654 2322 738 2403 λόγος
755 2323 915 2404 Σωκράτους
929 2329 978 2382 τού
998 2323 1025 2380 ἐν
1044 2323 1208 2400 ἐπιστήμαις
1227 2327 1272 2382 καί
1291 2326 1352 2407 άρε-

220 2429 285 2487 ταῖς
301 2421 441 2502 δρωμένου
459 2421 504 2478 καί
519 2427 555 2498 τῇ
570 2421 689 2502 σώρρονι
704 2429 755 2493 τῆς
770 2426 862 2502 ψυχῆς
878 2424 936 2498 ζωῇ
951 2423 996 2479 καί
1011 2421 1074 2502 ούχὶ
1087 2426 1121 2498 τῇ
1134 2420 1350 2500 ίνθουσιαστικῇ.

222 2522 271 2578 Διδ
289 2521 335 2578 καί
354 2519 392 2584 δίς
411 2519 471 2577 ιίπε
489 2519 520 2577 τδ
537 2517 649 2578 δεινὸν
665 2519 688 2576 ὦ
703 2517 829 2600 Φαῖδρε
848 2518 970 2577 δεινόν’
992 2517 1081 2587 δεινὸς
1101 2520 1151 2596 μὶν
1171 2521 1222 2602 γάρ
1240 2527 1278 2601 τῷ
1293 2519 1351 2578 ύντι

222 2621 304 2678 ὁτοῡ
319 2619 421 2676 Λυσίου
437 2616 518 2696 λόγος
537 2618 651 2698 αίοχρδς
670 2617 710 2675 ὢν
728 2619 773 2676 καί
792 2601 922 2698 ύύριπδς
942 2614 1019 2697 ἔρως,
1041 2617 1127 2685 δεινὸς
1147 2619 1176 2678 δε
1193 2621 1271 2678 καίδ
1292 2627 1350 2676 Σω-

154 2733 188 2784 zo
221 2718 339 2797 κράτους
358 2718 396 2781 ὡς
413 2717 482 2796 πρδς
501 2717 549 2775 τὸν
565 2715 780 2774 ἐνθουσιαστικὸν
793 2717 839 2772 καί
850 2717 996 2796 άναγωγδν
1010 2712 1108 2796 ἔρωτα.
1124 2719 1161 2775 Τά
1172 2718 1223 2798 γάρ
1237 2715 1352 2776 καταδε-

222 2819 317 2897 ίστερα
329 2818 375 2874 καί
391 2816 520 2900 ύρειμίνα
540 2817 578 2881 ὡς
595 2817 663 2895 πρὸς
679 2817 713 2873 τά
731 2814 886 2893 τελειότερα
904 2817 950 2873 καί
971 2817 1100 2896 ύπίρτερα
1120 2813 1353 2896 παραύαλλόμενα

223 2915 327 2988 εύήθη
347 2915 393 2972 καί
413 2912 487 2972 δεινά
509 2913 564 2971 ἰστι
582 2914 626 2970 καί
646 2913 705 2973 ύιτό
724 2935 756 2969 τι
772 2908 875 2985 άσεύῆ
896 2913 961 2995 [ούχ
980 2912 1077 2978 ἁπλῶς
1101 2909 1229 2991 άσεύῆ].
1252 2909 1350 2986 ’Δσεόῆ

224 3014 275 3088 μὶν
299 3011 346 3070 ούν
371 3010 445 3091 λέγει
467 3008 558 3082 ίπειδή
584 3008 659 3077 ύλως
684 3009 795 3089 ίψίγετο
817 3011 892 3074 δτιως
913 3012 981 3068 ποτὲ
1001 3013 1032 3070 τὸ
1053 3017 1101 3068 τοῦ
1126 3008 1228 3090 ἔρωτος
1251 3010 1349 3088 ὄνομα·

226 3106 346 3182 ιύλαόής
363 3111 416 3189 γάρ
434 3111 469 3182 ἦν
488 3107 599 3190 σρύδρα,
623 3110 661 3174 ὡς
679 3107 800 3189 είρηται,
818 3111 881 3190 περί
899 3109 933 3166 τά
949 3115 1006 3166 τῶν
1025 3115 1099 3168 θεῶν
1119 3110 1241 3185 ὀνόματα
1261 3111 1350 3168 ύΣω-

154 3225 186 3274 25
222 3208 335 3288 κρότος·
355 3208 416 3264 ύπό
434 3229 465 3265 τε
485 3205 513 3264 δὲ
531 3209 576 3265 καί
592 3207 646 3288 ούχ
661 3205 752 3271 ἁπλῶς
771 3203 888 3279 ἆσεύῆ,
910 3206 1005 3279 ἐπειδὴ
1027 3207 1057 3264 ού
1074 3215 1125 3274 πᾶς
1141 3203 1209 3288 ἔρως
1226 3207 1349 3288 ίψίγιτο,

223 3305 294 3364 ἄλλά
313 3327 354 3369 τις
376 3306 422 3363 καί
445 3305 569 3385 μερικδς,
594 3307 608 3362 ὁ
630 3305 680 3386 γάρ
702 3301 830 3386 ύύριστής
851 3307 897 3362 καί
918 3304 1070 3370 άκόλαστος
1093 3305 1173 3386 ἔρως.
1197 3311 1283 3386 Τριῶν
1304 3305 1351 3364 οὖν

223 3405 307 3462 ὄντων
328 3405 508 3486 πραγμάτων,
531 3410 587 3462 τῶν
606 3426 636 3462 τι
658 3405 722 3484 ὑπὲρ
744 3407 817 3480 ἡμᾶς
840 3404 939 3461 ούσιόιν
959 3405 1005 3461 καί
1025 3409 1080 3460 τῶν
1102 3405 1278 3485 δμοστοίχων
1301 3407 1351 3481 μὶν

222 3507 302 3580 ἡμῖν,
323 3508 434 3578 σεμνῶν
452 3501 481 3559 δὲ
501 3501 652 3560 δοκούντων
671 3503 740 3560 εἶναι
761 3500 848 3582 (λέγω
863 3501 891 3559 δὲ
905 3507 960 3558 τῶν
974 3501 1130 3560 σπουδαίων
1145 3501 1277 3584 ἀνδρῶν),
1298 3509 1352 3561 τῶν

224 3600 253 3658 δε
269 3599 486 3681 καταδεεπίρων
503 3605 586 3676 ἡμῶν
606 3601 705 3659 ούσιῶν
720 3601 738 3672 ἢ
754 3601 937 3674 ὡντινωνοῦν,
952 3601 984 3657 τὸ
998 3601 1047 3675 μὶν
1061 3600 1129 3680 πρὸς
1144 3601 1177 3658 τά
1195 3601 1261 3681 ὑπὲρ
1275 3604 1350 3677 ἡμᾶς

127 3714 200 3776 μς]
224 3699 375 3780 ἁμάρτημα
393 3695 487 3764 άσεύὲς
508 3698 630 3776 ίκάλεσε,
652 3699 684 3756 τδ
704 3696 733 3755 δὲ
752 3698 821 3778 πρὸς
845 3697 909 3762 τοὺς
933 3697 938 3778 Ι
961 3697 1123 3764 σπουδαίους
1144 3696 1239 3779 ἄνδρας
1254 3705 1292 3778 τῷ
1311 3702 1349 3775 μή

225 3797 392 3857 ύπεστάλθάι
409 3799 454 3855 καί
473 3798 647 3879 αἰσχύνεσθαι
666 3797 764 3862 αύτούς
782 3795 900 3870 άναεδὶς,
921 3796 952 3853 τὸ
972 3793 1000 3854 δὶ
1018 3797 1086 3876 πρδς
1107 3797 1140 3855 τά
1158 3795 1351 3878 καταδεέστερα

253 4079 312 4131 διὸ
329 4078 357 4130 δὲ
369 4103 401 4116 -
414 4078 443 4129 ll
461 4074 623 4144 ηὐλαὸούμην
643 4078 700 4142 iam
717 4078 842 4130 ediderat
856 4076 1001 4129 Βυιιιιιειιει
1017 4075 1052 4126 αθ
1071 4075 1141 4126 Tim.
1162 4090 1190 4142 p.
1208 4077 1287 4127 6601
1305 4075 1326 4126 Ρ
1342 4092 1349 4127 :

222 4152 259 4202 οθ.
277 4149 404 4202 Νυεεεεεεε.
423 4149 458 4201 ad
478 4148 588 4216 Phryn.
607 4164 635 4215 p.
654 4150 684 4200 81
748 4148 781 4201 10
796 4144 980 4214 ίθυσωπούμην
994 4174 1026 4187 -
1040 4143 1204 4214 ηθὶαιύούμην
1218 4164 1249 4194 =
1263 4147 1349 4198 schol.

221 4221 301 4274 2⁴20
316 4225 353 4287 ίμ,
368 4220 416 4272 θθθ
431 4221 537 4285 Herm.)
601 4221 632 4273 24
649 4225 745 4290 ιίρηταε
760 4221 800 4284 70,
815 4221 831 4271 θ

253 4401 300 4453 Nc
316 4404 331 4452 θ
347 4403 380 4467 τε]
402 4422 441 4454 τοι
461 4403 520 4453 ΑἘ
582 4403 646 4468 ότι]
660 4423 699 4455 τοι
715 4403 742 4452 Μ
807 4403 961 4461 5ίπιθόλως
977 4403 1005 4452 Μ
1021 4403 1057 4454 οί.
1073 4402 1098 4461 θ.
1115 4403 1192 4455 15-16
1254 4401 1287 4453 10
1305 4400 1350 4454 σύν

221 4487 276 4524 om.
296 4473 386 4526 schol.
449 4473 481 4526 12
495 4476 586 4536 δεινὸν,
607 4477 642 4527 du
661 4475 736 4524 rubr.
754 4477 778 4524 Α
842 4473 873 4526 15
890 4479 952 4537 ροσε
969 4473 1122 4542 Σωκράτους
1140 4474 1218 4526 deest
1232 4474 1349 4525 verbum

222 4544 408 4608 exprobrandi
471 4549 505 4603 ὡς
525 4543 598 4613 πρὸς]
618 4543 703 4612 ὥσπερ
729 4546 757 4596 Μ
824 4545 853 4595 17
875 4544 1015 4613 δρωμένου]
1037 4548 1164 4613 ίρωμόνου
1183 4549 1221 4596 Α·
1283 4543 1350 4596 ίθθ

223 4619 266 4668 τοῦ
285 4629 339 4666 om.
360 4615 390 4665 M
453 4615 485 4667 22
508 4616 558 4683 οὐχ
577 4644 607 4653 -
627 4619 706 4680 dudd
727 4616 829 4668 seclusi
848 4627 879 4666 υε
899 4628 915 4664 e
939 4616 1119 4679 sequentibus
1140 4616 1286 4681 repetitum

222 4687 253 4736 2³
271 4685 315 4739 οὗν
333 4700 389 4738 om.
412 4688 440 4738 M
505 4685 581 4754 λέγει]
600 4691 666 4755 λέγω
686 4689 714 4739 Μ
779 4689 808 4740 τδ
822 4700 877 4738 om.
893 4687 922 4738 Μ
987 4687 1017 4738 27
1036 4687 1114 4739 ὄντων
1127 4696 1177 4738 τῶν
1195 4687 1349 4755 πραγμάτων

227 4758 253 4827 Μ
319 4762 385 4822 ἡμᾶς
397 4771 432 4808 ex
446 4757 980 4827 ἡμῶνιεθνῇόαίμεΑτὴμῶνΜαί.29
1043 4757 1300 4826 θθάμαρτήμσταΜ
