3604 5690
458 607 514 660 ΕΙΣ
534 609 596 660 TON
619 608 794 660 nAATnxoz
817 609 960 662 ΦΑΙΔΡΟΝ
983 608 1106 663 ΣΧΟΛΙΔ
1295 621 1343 674 259

129 771 198 840 [201]
223 769 349 846 θέμενον,
373 769 438 829 ὅταν
461 771 587 848 μαθητήν
608 792 649 836 τις
670 769 773 849 δυνηθῇ
799 769 948 845 ἀποδεῖξαι,
969 771 1009 836 ὡς
1026 771 1175 850 Σωκράτης
1195 769 1341 842 Πλάτωνα,

223 864 337 924 Πλάτων
351 867 523 949 Ξενοκράτη,
539 869 796 949 <Ξενοκράτης>
811 868 977 944 Πολέμωνα,
992 870 1038 926 καὶ
1052 867 1091 932 ὡς
1106 863 1164 949 ἔχει
1178 871 1196 940 ἡ
1212 865 1339 948 διαδοχή.

221 965 251 1022 Τό
265 963 312 1022 οὖν
326 988 407 1047 φησιν
421 965 534 1024 ἐνταῦθα
552 967 595 1024 ότι
615 969 712 1040 <θ>
729 966 758 1024 έν
776 966 893 1048 ἀψόχοις
908 967 1052 1046 γράμμασι
1065 965 1240 1046 γραφόμενος
1259 964 1341 1043 λόγος

223 1061 295 1121 ἔοικε
317 1063 499 1146 ζωγραφίας
521 1063 610 1146 ὥσπερ
629 1064 679 1144 γάρ
698 1063 727 1122 ἐν
744 1069 778 1142 τῇ
794 1067 883 1145 γραφῇ
905 1066 974 1140 ζῷον
993 1064 1057 1144 ὁρᾷς
1077 1060 1138 1121 οθτε
1157 1063 1343 1143 φθεγγόμενον

174 1167 190 1216 5
223 1158 283 1219 οὔτε
304 1162 519 1242 ἀποκρινόμενον
540 1161 602 1220 οὔτε
622 1161 799 1236 αὐτοκίνητον
818 1159 940 1245 ἔχοντι,
961 1162 1047 1227 οθτως
1064 1161 1111 1218 καὶ
1131 1160 1158 1217 ἐν
1177 1166 1233 1226 τοῖς
1250 1161 1343 1240 γράμ-

223 1281 304 1336 μασιν
315 1259 392 1318 οὐδέν
408 1259 518 1330 ζωῶδες
532 1263 607 1341 ὁρᾷς,
626 1259 700 1318 ἀλλά
714 1260 797 1339 μόνον
811 1261 842 1318 τὸ
857 1261 1028 1342 φαινόμενον·
1043 1257 1085 1316 διὸ
1103 1259 1149 1316 καὶ
1161 1258 1343 1339 παραφέρεται

222 1357 452 1436 ἀάναγινώσκων.
469 1358 546 1441 Ἔχει
561 1357 608 1416 οὗν
626 1364 707 1417 τοῦτο
722 1358 806 1418 δεινὸν
826 1359 840 1416 ό
854 1358 1045 1439 γεγραμμένος
1062 1356 1147 1435 λόγος
1166 1356 1207 1413 ὅτι
1229 1356 1260 1414 οό
1274 1361 1343 1414 κινεῖ

220 1456 266 1514 τόν
282 1455 309 1514 έν
323 1459 393 1531 ἡμῖν
406 1456 501 1536 λόγον,
512 1455 576 1516 ἀλλ’
587 1456 687 1539 ἀψύχῳ
700 1454 799 1528 ἔοικεν,
809 1455 886 1514 οὐδὲν
899 1455 983 1515 πλέον
994 1458 1033 1512 ὢν
1045 1452 1105 1536 ἔχει
1116 1453 1341 1534 ἀποκρινόμενος,

221 1554 329 1630 όμοόως
347 1577 376 1614 τε
388 1554 453 1635 παρ’
474 1553 588 1636 ἐμφροσι
607 1556 653 1612 καὶ
667 1553 764 1637 ἀφροσι
783 1555 945 1634 λεγόμενος·
963 1551 1054 1611 ἔπειτα
1072 1553 1116 1610 καὶ
1131 1551 1341 1633 λοιδορούμενος

158 1655 192 1707 10
220 1652 294 1734 ιαρά
306 1657 362 1710 τῶν
373 1653 610 1732 ἀναγινωσκόντων
625 1653 678 1734 οὐχ
692 1653 750 1718 οἶός
762 1653 791 1710 τέ
805 1651 877 1710 ἐστιν
888 1651 973 1731 ἐαυτῷ
988 1649 1142 1729 ἐπαμύνειν.

261 1804 328 1862 σοι’.
346 1807 482 1879 Σεμνῶς
500 1803 583 1862 πάνυ
601 1803 693 1886 σιγᾷ]
720 1805 778 1864 275
794 1803 834 1864 D.

262 1947 394 2017 Σεμνῶς
421 1943 508 2016 εἶπεν,
528 1944 621 2018 ἐπειδὴ
643 1947 670 2003 οἱ
691 1947 784 2021 σεμνοὶ
805 1946 911 2016 σιωπὴν
933 1946 1053 2006 ἀσκοῦσι.
1073 1977 1113 1990 -
1132 1945 1235 2023 Λόγοι
1258 1943 1297 2017 δἐ,
1314 1943 1341 2001 οἱ

220 2042 409 2120 γεγραμμένοι
431 2041 520 2122 λόγοι.
537 2079 577 2091 -
596 2043 669 2104 Ἐάν
689 2044 723 2104 δέ
742 2067 773 2103 τι
793 2041 850 2125 ἔρη
872 2051 937 2102 τῖον
958 2043 1159 2124 λεγομένων,
1183 2047 1242 2102 οἷον
1263 2043 1340 2116 θ’τιὴ
1366 2085 1369 2092 .

221 2139 297 2224 ψυχῇ
313 2139 455 2214 ἀθάνατος,
472 2142 515 2200 θ’τι
534 2141 612 2202 οόσέα
630 2144 810 2219 αότοκόνητός
827 2144 928 2216 ἐστινό,
944 2145 1033 2225 ψυχὴ,
1050 2140 1127 2200 οὐδέν
1141 2141 1208 2221 ἐρεῖ,
1225 2139 1298 2200 ἀλλά
1310 2143 1342 2198 τό

158 2245 188 2296 15
221 2235 287 2293 αὐτὸ
308 2237 359 2298 def.

262 2387 330 2458 σος’.
345 2390 441 2450 Ὅταν
463 2391 497 2452 δέ
516 2391 599 2463 ἀπαξ
620 2393 745 2477 γραφῇ]
765 2394 878 2457 2751).

261 2520 344 2582 Ιἰθλλο
365 2523 466 2584 ἀτοπον
485 2525 586 2606 ἐπάγει·
608 2529 668 2586 εἶπε
687 2529 736 2604 μέν
754 2529 804 2609 γάρ
824 2526 856 2600 δὴ
873 2527 915 2585 θ’τι
929 2522 989 2610 ἔχει
1002 2526 1034 2584 τὸ
1050 2525 1089 2603 μὴ
1103 2525 1261 2608 φθέγγεσθαι
1276 2518 1341 2583 ἀλλ’

221 2619 320 2702 ἀψόχῳ
334 2625 379 2680 καὶ
398 2630 481 2704 νεκρῷ
501 2625 616 2683 ἐοικέναι
628 2629 674 2684 καὶ
693 2627 725 2684 οό
742 2630 821 2695 ζῶντι
835 2627 880 2684 καὶ
894 2625 1073 2700 αὐτοκινήτῳ·
1090 2623 1181 2682 ἔπειτα
1199 2623 1244 2680 καὶ
1260 2628 1341 2679 τοῦτο

222 2715 320 2776 ἀτοπον
338 2720 380 2776 θ’τι
397 2723 442 2778 καὶ
456 2723 528 2802 παρά
547 2722 709 2799 ἐπιστημοσι
723 2724 768 2781 καὶ
784 2723 893 2804 ἄφροσιν
908 2722 1016 2798 ὁμοίως
1031 2722 1150 2803 φέρεται·
1167 2715 1227 2786 έθος
1241 2720 1293 2802 γάρ
1307 2719 1342 2788 ῇν

157 2839 190 2890 20
220 2822 281 2881 τοῖς
297 2816 473 2894 ἐπιστῇμοσιν
492 2819 627 2902 ἀνδράσιν,
648 2822 686 2888 ὡς
705 2829 764 2887 τοῖς
784 2819 985 2903 Πυθαγορείοις,
1000 2819 1031 2878 οὗ
1048 2821 1115 2899 πρὸς
1133 2819 1237 2884 πάντας
1255 2816 1343 2876 πάντα

221 2910 320 2993 λέγειν,
335 2916 408 2975 ἀλλά
422 2917 489 2997 πρὸς
505 2919 552 2984 οθς
567 2919 620 2993 δεῖ,
635 2920 698 2986 τοθς
713 2917 743 2977 δέ
758 2921 925 3000 ἀπέκρυπτον
938 2920 970 2976 τά
986 2916 1118 2997 δόγματα·
1132 2918 1177 2974 καὶ
1193 2916 1340 2995 Σωκράτης

220 3011 326 3085 ὁμοίως
346 3011 449 3080 ἀλλους
476 3013 570 3081 ἀλλοις
591 3017 699 3074 συνέστα
724 3023 779 3074 τῶν
806 3020 950 3093 μαθητῶν,
978 3016 1166 3094 ἁρμοζόμενος
1194 3014 1261 3093 πρὸς
1289 3014 1342 3084 τὴν

220 3108 332 3168 ἐκάστου
346 3110 562 3186 ἐπιτηδειότητα·
577 3117 591 3172 ό
607 3113 832 3196 δὶγεγραμμένος
849 3115 934 3193 λόγος
944 3109 1138 3188 πάσινθμοόως
1149 3111 1338 3192 προσφέρεται.

219 3239 259 3250 -
274 3207 504 3284 Κυλινδιῖται,
526 3214 661 3271 τουτέστιν
674 3213 764 3271 οὐκέτι
779 3215 875 3270 ἐαυτοῦ
888 3212 969 3285 ἐστιν,
985 3209 1059 3267 ἀλλά
1074 3211 1192 3291 φέρεται.

157 3372 189 3423 25
262 3348 668 3430 σοζ’.11λημμελοόμενος
696 3354 744 3436 δέ]
774 3356 832 3415 275
848 3353 886 3415 Ε.

118 3505 205 3570 pm
260 3483 337 3567 Ἔχει
358 3484 386 3545 δέ
406 3487 452 3546 καὶ
475 3493 555 3547 τοῦτο
577 3487 677 3548 ἀτοπον
699 3492 713 3547 θ
740 3488 940 3571 γεγραμμένος,
964 3488 995 3546 τὸ
1022 3486 1062 3564 μὴ
1090 3483 1230 3566 δόναΙσθαι
1254 3485 1340 3563 ἐαυτῷ

221 3582 371 3664 βοηθεῖν.Ι

112 3737 206 3790 psov·
259 3725 331 3797 σοη’.
347 3723 383 3782 Τό
402 3722 430 3782 θ’
446 3723 551 3785 ἀλλον
569 3728 699 3807 ὁρῶμεν
717 3725 833 3806 λόγον]
852 3727 911 3786 276
925 3725 963 3788 Α.

259 3855 318 3916 Ἐπὶ
331 3857 377 3916 τόν
398 3859 486 3919 ἀλλον
509 3859 638 3939 βούλεται
652 3861 743 3920 ἐλθεῖν
763 3861 844 3943 λόγον
865 3861 911 3920 τόν
925 3861 953 3919 έν
971 3865 1006 3938 τῇ
1020 3864 1111 3942 ψυχῇ,
1130 3860 1177 3917 τὸν
1193 3859 1220 3916 έν
1236 3863 1271 3936 τῇ
1290 3862 1339 3915 τοά

156 3980 188 4031 30
221 3955 403 4032 μανθάνοντος
424 3957 513 4031 ἐννοίᾳ
532 3959 737 4036 ἀποτιθέμενον·
753 3963 893 4040 γνήσιον
914 3957 943 4018 δέ
962 3959 1037 4018 εἶπεν
1055 3959 1096 4016 ότι
1108 3962 1157 4015 τοῦ
1173 3956 1247 4033 ἐντῇ
1263 3959 1338 4036 ψυχῇ

218 4053 263 4110 καὶ
283 4051 435 4112 ἐνδιαθέτου
457 4055 540 4135 λόγου
561 4057 607 4115 τὸν
627 4059 791 4139 προφορικὸν
814 4057 896 4137 ,λόγον
919 4059 1059 4136 γνήσιον
1079 4054 1224 4136 ἀδελφὸν
1246 4053 1337 4130 καλεῖ,

198 4233 200 4237 Ι
219 4150 323 4210 ἐκεῖνον
337 4150 424 4234 ἀθιτδν
439 4153 466 4211 έν
481 4153 625 4234 γράμμασι
638 4157 718 4215 νόθον
731 4158 777 4214 καὶ
791 4155 899 4238 ἀψνχον
913 4156 958 4213 καὶ
974 4155 1170 4235 ἐτεροκθνητον.

250 4345 298 4397 Nc
317 4345 333 4396 2
354 4347 514 4416 Ξινοιιράιην
534 4349 564 4400 Μ
635 4350 794 4420 Ξινοιιράτης
814 4350 906 4402 addidi
977 4345 1138 4401 abaddidi
1209 4345 1289 4395 θκαὶ
1310 4342 1340 4398 in

218 4428 321 4477 mum>
336 4423 367 4468 111
379 4418 532 4482 Videtur‚A
595 4423 818 4488 παραφαίνιταιΜ
883 4421 912 4473 11
927 4427 1033 4486 σσμνῶς,
1047 4419 1185 4470 στυθτ.Α
1247 4415 1278 4466 12
1294 4417 1339 4466 λό-

219 4507 258 4554 γοι
275 4487 391 4554 scripsit
408 4493 535 4556 λόγωΑε
552 4494 619 4558 λέγει
639 4491 667 4542 Μ
733 4493 763 4543 15
780 4491 830 4560 ἀεί]
847 4493 877 4544 ἀν
895 4492 924 4543 Μ
988 4489 1103 4551 16θτοιν,
1123 4487 1137 4539 θ
1156 4487 1230 4537 rubr.
1251 4488 1276 4535 Α

217 4558 248 4610 17
265 4560 314 4627 γάρ
330 4574 385 4612 om.
406 4561 434 4612 M
498 4562 528 4614 21
546 4564 714 4632 ἀπέκρυπτον]
732 4561 968 4634 ἀποκρόττονταςΜ
1032 4561 1062 4611 22
1080 4559 1231 4625 μαθημάτων
1251 4561 1275 4608 Α

218 4629 248 4680 25
271 4630 503 4700 πλημμιλοόμινος,
525 4639 557 4687 αλ
576 4636 652 4688 rubr.
672 4641 696 4689 Α
713 4637 867 4704 (πλήμμινος
883 4635 953 4686 Plat.
967 4634 1029 4686 ood.
1045 4633 1078 4696 B)
1141 4632 1173 4684 28
1188 4633 1211 4682 τί
1225 4629 1299 4680 rubr.
1313 4633 1337 4682 Α

280 4704 388 4770 θθῶμῑθ]
410 4709 459 4773 ἐρῶ
480 4706 523 4770 μέν
544 4710 578 4769 Α,
598 4709 733 4777 θρῶμινΕ
795 4709 827 4759 29
845 4708 905 4759 ion.
923 4707 976 4772 [τόν
992 4709 1018 4758 ἐν
1033 4712 1064 4780 τῇ
1078 4701 1159 4778 ψυχῇ]
1221 4702 1264 4753 τόν
1278 4707 1340 4766 post

218 4776 288 4848 ψυχῇ
302 4799 333 4812 ··
344 4775 376 4826 30
389 4779 459 4852 ψυχῇ
473 4790 529 4829 om.
544 4779 599 4830 ME
661 4782 690 4832 θ]
708 4781 892 4849 προφορητικθν
907 4779 936 4829 Μ
