3600 5734
480 639 536 692 ΕΙΣ
557 641 618 694 TON
640 639 817 694 ΠΛΑΤΩΝΟΣ
839 641 982 694 ‘relevor
1005 641 1127 694 ΣΧΟΛΜ
1324 651 1370 702 139

137 797 213 866 [135]
246 790 359 852 δίδοται·
379 793 399 867 ἢ
416 793 456 861 ὡς
474 790 505 852 ἐν’
522 793 615 860 αὐτοῖς
634 800 692 860 τοῖς
709 794 898 874 τεταγμίνοις,
915 795 1009 868 οῖονή
1030 793 1057 854 ἐν
1072 791 1163 862 αὑτοῖς
1175 800 1233 860 τοῖς
1251 789 1367 852 δώδεκα·
1405 790 1408 798 ¹
1467 809 1468 815 ’

244 895 262 964 ἡ
276 890 353 973 τρίτη
369 891 437 963 ὡςή
454 891 483 949 δν
497 890 648 970 μεταδόσει,
666 895 724 951 οἷον
738 895 756 965 ἡ
772 888 818 950 ἄπ’
833 891 921 951 αὐτῶν
935 899 990 951 τῶν
1004 891 1110 951 δώδεκα
1125 893 1170 950 καῖ
1187 893 1226 959 εἷς
1239 893 1274 950 τά
1284 907 1367 950 κατα·

244 987 368 1072 δείοτερα
384 988 542 1067 θνδιδομίνη
561 993 607 1048 καί
626 992 664 1058 είς
684 989 747 1049 θλον
765 991 811 1049 τόν
828 991 944 1067 κόσμον.
964 992 1040 1056 Τινὶς
1064 990 1093 1048 δὲ
1111 991 1156 1048 καὶ
1177 991 1367 1070 ἀριθμητικῶς

245 1087 349 1163 ῖκάστιμ
367 1093 422 1146 τῶν
441 1087 468 1146 ἰν
486 1093 524 1168 τῷ
542 1087 645 1165 δεκάτῳ
664 1090 823 1170 ἐφήρμοοσν
846 1089 909 1154 τοῖς
930 1089 957 1148 ίν
980 1093 1015 1168 τῇ
1035 1088 1123 1148 δεκάδι
1144 1089 1286 1171 ἀριθμοὺς,
1309 1086 1369 1157 ἐξε-

199 1193 215 1244 5
247 1185 341 1251 λόντες
363 1186 412 1253 τάς
432 1185 480 1246 δίιο
503 1186 634 1264 μοναδσς,
657 1190 709 1261 τήν
730 1209 761 1246 τε
783 1189 915 1268 τετάρτην
938 1188 1015 1247 Διίαν
1035 1188 1080 1246 καῖ
1103 1187 1154 1260 τὴν
1174 1197 1227 1262 τῆς
1249 1187 1365 1264 Ἑστίας,

248 1282 351 1362 μονάδα
371 1285 423 1364 μὲν
441 1284 597 1345 Ἀπόλλωνι
620 1283 725 1359 δόντες,
746 1285 830 1344 δυάδα
853 1283 936 1368 Ἥρᾳ,
958 1285 1052 1367 τριάδα
1074 1284 1223 1344 Ποσειδῶνι
1247 1284 1300 1366 (διδ
1322 1287 1369 1343 καὶ

244 1381 440 1466 τριαινοῦχος),
462 1383 590 1466 τέταρτον
608 1383 708 1465 Ἐρμῇ,
730 1384 855 1462 πέμπτον
871 1385 952 1466 Ἄρη,
974 1382 1052 1443 ἕκτον
1073 1382 1229 1466 ’Δρροδίτγη
1249 1379 1368 1460 άδδομον

246 1482 357 1557 Ἀθηνᾷ,
379 1479 477 1562 ὄγδοον
498 1485 634 1565 Δήμητρι,
654 1479 748 1541 ἔνατον
764 1481 911 1564 Ἀρτέμιδι,
932 1483 1042 1542 δέκατον
1060 1483 1209 1566 Ἦραίστῳ.
1228 1485 1265 1541 Οὐ
1282 1482 1322 1542 δεῖ
1339 1482 1366 1543 δῖ

246 1581 433 1662 ἀριθμητικῶς
448 1579 534 1647 οίίτως
549 1578 645 1647 άπλῶς
659 1580 777 1656 άκοόειν,
793 1580 859 1641 ἀλλ’
873 1581 915 1640 ὅτι
931 1579 1046 1647 ἕκαστος
1065 1580 1230 1663 δημιουργεῖ
1242 1584 1287 1641 καὶ
1301 1603 1367 1663 προ-

181 1682 215 1734 10
246 1686 303 1738 νοεῖ
318 1679 387 1738 κατά
404 1680 455 1753 την
474 1681 569 1740 ἑαυτοῦ
588 1679 718 1756 ἰδιότητα,
739 1681 755 1738 ὃ
776 1681 825 1756 μὶν
844 1679 971 1762 άρεικῶς,
992 1681 1008 1738 δ
1027 1679 1055 1738 δὶ
1072 1677 1303 1751 άπολλωνιακῶς,
1323 1681 1368 1738 καὶ

246 1775 341 1845 άλλως
361 1775 453 1844 άλλος.
471 1777 516 1844 Τίς
535 1776 564 1836 δὲ
581 1783 599 1850 ἡ
615 1779 727 1838 ῖκάστου
743 1777 856 1854 ἰδιότης,
873 1779 904 1836 ἐκ
915 1788 966 1852 τῆς
979 1775 1129 1858 θεολογίας
1142 1778 1272 1852 ληπτέον.
1290 1787 1368 1851 Αηπ-

244 1877 305 1935 τάον
327 1875 355 1934 δὶ
376 1876 461 1948 αὐτὴν
482 1878 536 1936 άπό
556 1899 585 1936 τε
605 1882 661 1935 τῶν
682 1876 774 1935 αἰτίων
795 1877 848 1936 άπό
866 1900 895 1936 τε
913 1887 965 1952 τῆς
984 1867 1099 1952 τάξεως,
1121 1875 1212 1950 ἐπειδὴ
1231 1874 1367 1944 πολλάκις

245 1975 299 2033 άπό
321 1973 377 2058 [τε]
397 1979 453 2033 τῶν
472 1975 561 2034 αὐτῶν
581 1976 645 2034 εἰσιν
666 1975 774 2049 αίτίων,
795 1976 848 2033 άπό
867 1997 897 2034 τε
913 1981 968 2034 τῶν
988 1976 1086 2035 οὐσιῶν
1105 1978 1149 2034 καῖ
1168 1973 1308 2052 δυνάμεων
1328 1978 1368 2034 ὧν

246 2070 444 2152 λαμθάνουσιν,
464 2073 517 2132 άπθ
533 2079 589 2132 τῶν
609 2073 706 2139 αὖτοὺς
720 2074 948 2157 παραγαγόντων,
966 2074 1019 2132 άπὸ
1037 2080 1092 2132 τῶν
1106 2061 1255 2155 ἐνεργειῶν,
1271 2075 1323 2132 άπό
1337 2097 1367 2133 τε

184 2175 214 2226 15
246 2182 299 2246 τῆς
317 2170 443 2240 εὐταξίας
463 2173 509 2230 καί
525 2177 582 2230 τῶν
600 2171 744 2233 τοιοιῖτων.
765 2173 796 2228 Οῖ
815 2173 867 2253 γάρ
886 2178 934 2230 τοῦ
954 2173 1016 2238 Διὸς
1034 2172 1113 2254 λόγοι
1132 2171 1271 2250 δονάμειθν
1288 2172 1367 2230 τινών
1423 2181 1427 2186 “

248 2272 299 2332 είσι
314 2270 413 2344 δόσεις,
430 2271 468 2337 ὡς
484 2273 548 2330 όταν
559 2269 628 2352 λέγῃ
643 2271 711 2352 πρὸς
725 2272 776 2344 τὴν
790 2269 961 2352 ’Δρροδίτηψ

447 2432 479 2492 οίί
493 2455 538 2493 τοι
549 2433 642 2492 τέκνον
655 2431 723 2509 άμὸν
737 2430 844 2490 δάδοται
856 2430 996 2509 πολεμήια
1008 2429 1085 2513 ἔργα,

446 2529 520 2591 άλλά
533 2529 565 2589 σθ
577 2527 605 2612 γ’
619 2530 764 2612 ἱμερόεντα
779 2531 912 2613 μετέρχεο
925 2527 990 2612 ἔργα
1002 2530 1114 2611 γάμοιο.

246 2691 393 2768 ’ἰδιότητες
412 2690 460 2751 οὖν
477 2691 529 2750 είσί
542 2713 610 2751 τισιν
625 2691 653 2751 ίν
668 2699 725 2759 τοῖς
743 2691 870 2773 ἀριθμοῖς
887 2692 1112 2771 άπομιμοόμιναι
1126 2694 1173 2760 τάς
1187 2691 1324 2767 ἰδιότητας
1339 2692 1367 2752 ἓν

182 2799 214 2853 20
245 2798 305 2860 τοῖς
318 2797 407 2860 θεοῖς·
423 2789 465 2850 διδ
482 2791 576 2858 οὗτοῖς
586 2791 634 2850 καὶ
648 2791 827 2854 ἀνατίθενται·
843 2792 902 2850 οἷον
915 2791 943 2882 ἔν
955 2792 1003 2869 μὶν
1017 2796 1052 2870 τῇ
1067 2787 1174 2870 θδδόμη
1187 2791 1218 2850 τδ
1233 2790 1366 2874 ἄχραντον

247 2889 321 2970 (οὔτε
333 2891 384 2972 γάρ
394 2895 475 2970 γεννᾷ
488 2887 551 2948 οὔτε
567 2897 693 2970 γεννᾶται
709 2885 878 2970 όὲόδομος),
894 2887 936 2948 διδ
952 2895 988 2968 τῇ
1002 2889 1101 2965 Ἀθηνᾷ
1114 2891 1231 2950 άνεῖται·
1247 2889 1315 2948 ίνδὶ
1328 2896 1365 2970 τῷ

246 2985 390 3064 δωδεκάτῳ
410 2988 443 3046 τό
462 2987 579 3062 τάλειον,
602 2986 643 3046 διὸ
664 2993 722 3053 τοῖς
745 2985 890 3055 άπολότοις
912 2995 992 3056 eaor<
1014 2988 1166 3071 άνιέρωται·
1187 2988 1319 3047 άπόλυτοι
1338 2987 1367 3047 δί

245 3088 309 3146 εἰσιν
328 3083 406 3152 ῖδίως
424 3087 499 3145 οὗτοι
517 3087 545 3144 οῖ
563 3091 610 3143 νῦν
627 3084 771 3166 λεγόμενοι
789 3083 904 3160 δώδεκα,
923 3091 1021 3152 κοινῶς
1041 3087 1218 3168 ὑπερκόσμιοι
1236 3084 1324 3160 ὄντες,
1340 3089 1366 3144 οἳ

244 3185 290 3242 καὶ
305 3185 393 3244 πάντα
406 3185 453 3244 τὸν
467 3185 572 3262 κόσμον
585 3183 730 3243 τελειοῦσι·
749 3183 790 3242 διό
806 3183 856 3242 κθν
877 3184 968 3266 μόριοι
987 3183 1037 3243 ὦσι
1051 3184 1177 3265 λέγονται
1197 3182 1303 3244 δώδεκα
1319 3185 1364 3242 καί

140 3307 164 3356 ρ.
181 3292 229 3344 Ιθθ
243 3281 356 3349 ἕκαστος
375 3282 465 3341 αὐτῶν
481 3283 511 3341 ἓν
528 3280 635 3340 δώδεκά
653 3282 720 3340 ῖστι·
738 3281 911 3357 τελειότητος
926 3284 978 3364 γάρ
992 3279 1133 3360 σθμόολον
1147 3284 1162 3341 ό
1176 3281 1292 3342 δώδεκα.
1305 3281 1312 3361 Ι
1325 3315 1365 3327 -

243 3381 279 3440 Τό
293 3379 322 3438 δῖ
337 3379 439 3460 μόγας
455 3381 486 3439 τὸ
502 3380 634 3462 ὑπερόχον
649 3379 730 3438 αὐτοῦ
741 3379 811 3461 πρός
826 3379 890 3445 τοὺς
905 3379 1002 3448 άλλους
1017 3379 1112 3456 δηλοῖ·

483 3541 563 3602 τίπτε
578 3563 613 3618 με
626 3546 716 3607 κεῖνος
732 3538 821 3622 άνωγε
837 3541 922 3623 μάγος
936 3543 1018 3616 Sedu

243 3707 280 3765 Τδ
296 3704 326 3764 δὶ
342 3705 480 3786 ἡγεμὼν
497 3705 528 3766 τό
548 3698 716 3788 ίξηρημάνον
729 3709 774 3766 καὶ
788 3708 914 3791 άρχικόν·
931 3707 1042 3767 δυνατόν
1054 3707 1106 3790 γάρ
1118 3709 1204 3789 μίγεν
1217 3706 1286 3766 εἶναι
1299 3704 1363 3765 ἀλλ’

245 3803 295 3862 οὐκ
312 3801 490 3885 άξηρημίνον,
507 3803 553 3862 καὶ
571 3801 739 3886 ὶξηρημάνον
756 3804 821 3866 ἀλλ’
840 3806 931 3866 οθκῖτι
947 3807 993 3865 καὶ
1012 3806 1123 3884 μείζονα
1138 3811 1193 3864 τῶν
1209 3804 1362 3886 ἡγεμόνων·

181 3912 214 3966 M
244 3901 288 3962 διά
306 3907 386 3962 τοῦτο
409 3902 551 3986 άμρότερα
571 3905 586 3960 θ
607 3901 720 3962 Πλάτων
740 3902 892 3985 παρίλσάεν
914 3905 998 3964 είπών
1023 3903 1159 3985 αμίγας
1180 3902 1363 3985 ἡγεμών.»

274 4097 448 4152 REM-29
509 4098 631 4152 27090

277 4217 425 4278 Νὒῖοίον
441 4226 549 4289 ὡςὴΑ
612 4221 724 4291 θτρίιη]
741 4221 824 4292 τριπὴ
842 4221 871 4274 Μ
934 4223 1043 4292 θίντῷ
1059 4223 1283 4294 δεκάτῳλδντῷδε
1296 4223 1365 4277 κάτω

245 4298 296 4350 M:
311 4297 442 4349 ridentur
454 4299 580 4362 corrupte
594 4309 603 4358 ς
619 4294 681 4346 tort.
695 4293 845 4360 legendum
863 4296 923 4348 δέκα
937 4297 1000 4347 θεῶν
1015 4294 1061 4346 vel
1075 4300 1100 4350 ὲν
1114 4305 1150 4365 τῷ
1165 4299 1225 4349 δέκα
1241 4299 1303 4348 θεῶν

244 4371 260 4420 5
273 4387 300 4422 τε
319 4381 376 4420 σαι.
392 4368 420 4419 Μ
483 4367 776 4436 τιτάρτηνοοιεοριοιιι
790 4377 798 4417 ι
812 4365 950 4433 ὑπερτάτην
965 4365 1011 4432 τὴν
1027 4367 1182 4432 εοείμνοείοι
1244 4367 1290 4434 τὴν
1306 4373 1367 4434 ροσε

244 4442 287 4494 καί
308 4453 363 4493 om.
378 4440 407 4492 Μ
471 4437 623 4492 δδοάθαδδ
642 4438 670 4489 Μ
736 4436 865 4510 ἢρρλῆρῳ
881 4437 931 4489 M:
951 4437 1001 4515 ἥρη
1017 4441 1077 4491 Δεῖ·
1139 4440 1316 4510 ῖτριηνοῦχος
1331 4439 1365 4490 Α*

245 4512 281 4577 (αι
295 4523 378 4578 supra
391 4513 417 4577 η)
435 4511 463 4562 Μ
482 4511 549 4575 (iam
562 4513 719 4562 correxerat
734 4511 801 4572 Aer}
864 4509 881 4560 8
896 4509 997 4564 ῖννιιτον
1012 4509 1041 4561 Μ
1057 4517 1087 4562 ιιι
1101 4511 1170 4564 solet
1232 4511 1263 4563 12
1280 4513 1366 4565 αΙτιῶν

244 4583 275 4634 Μ
340 4585 390 4638 άπό
405 4602 432 4636 τε
447 4583 501 4648 τῆςί
519 4584 562 4635 καί
579 4581 630 4636 άπδ
647 4587 691 4647 τῆς
710 4580 740 4632 Μ
805 4580 835 4630 13
849 4599 875 4633 τε
891 4580 992 4634 seclusi
1055 4585 1117 4636 είσίν
1138 4587 1164 4635 Α
1227 4585 1313 4637 αἰτιῶν
1335 4583 1363 4636 Μ

306 4655 337 4706 15
358 4656 469 4714 ενταείας
495 4655 524 4704 M
587 4672 661 4704 τινων
685 4655 709 4702 Α
772 4651 805 4703 20
825 4650 868 4718 μὶν
891 4665 947 4708 om.
972 4653 1000 4704 M
1063 4653 1094 4706 21
1120 4655 1169 4723 γὰρ
1192 4667 1247 4708 om.
1272 4655 1301 4708 M

243 4725 274 4778 22
291 4725 341 4793 διδ]
359 4726 402 4779 διά
421 4725 450 4775 Μ
471 4725 538 4789 (jam
553 4731 711 4776 correxerat
731 4725 800 4786 Αετ)
864 4720 1008 4793 άπολιῖτοις]
1027 4722 1127 4786 άλάτοις
1146 4725 1181 4777 Μ·
1239 4725 1269 4778 23
1286 4725 1365 4806 ίδίως]

245 4803 269 4858 οί
287 4795 333 4855 δίιο
351 4797 379 4854 Μ
443 4797 475 4848 M
492 4796 579 4869 μίγεις]
593 4799 661 4870 μίγα
677 4795 705 4845 Μ
769 4793 1135 4866 τοθςάλλοντλτδιςάλλαςΜ
