3538 5686
425 647 456 696 20
804 631 944 684 Ellifflol·
965 632 1162 684 ΦΙΛΟΣΟΦΟΥ

343 810 391 876 [63]
424 790 473 858 τὴν
492 785 674 866 γνωρίζουσιν
695 785 772 842 αῦτοί·
794 787 840 842 καί
861 783 930 842 ἔστιν
952 785 1018 858 αῦτη
1041 788 1059 856 ἡ
1083 779 1146 850 δόξα
1164 785 1236 856 ἥτις,
1261 785 1319 842 ἐπεὶ
1339 783 1542 866 ἀσυλλογίστως
1594 817 1597 822 ·

422 891 477 943 τῶν
506 885 740 964 συμπερασμάτων
764 881 958 962 ἐπιδράττεται,
987 879 1057 940 ίατιν
1081 884 1111 939 σύ
1137 885 1183 940 καί
1207 882 1382 966 ἐπιτυγχάνει
1405 887 1449 940 καὶ
1474 887 1541 942 ἀπο-

422 985 563 1064 τυγχάνει·
588 981 650 1040 οῦδὲ
664 985 715 1062 γάρ
737 982 840 1039 ἀείκαὶ
861 982 990 1046 ὡσαύτως
1007 981 1067 1062 ἔχει
1088 981 1117 1037 τό
1138 981 1327 1056 ὑποκείμενον.
1347 981 1420 1040 Ἐπεὶ
1441 987 1539 1062 γοῦνί,

424 1080 537 1156 δύναμις
556 1091 604 1153 τῆς
630 1079 708 1153 δόξης
730 1079 805 1150 διττὴ
831 1081 993 1158 εὑρίσκεται,
1017 1079 1250 1160 ἑπιτιγχανούσης
1272 1081 1320 1155 μὶν
1343 1081 1422 1138 εἰκὼν
1444 1083 1458 1137 6
1482 1089 1540 1137 Σω-

376 1196 390 1243 5
422 1180 521 1260 κράτης
536 1180 620 1252 αότῆς
635 1183 680 1238 οία
693 1185 747 1236 τῶν
761 1179 930 1258 πραγμάτων
946 1173 1081 1250 ίπήόολος
1095 1179 1139 1234 καὶ
1154 1177 1343 1260 άποφαντικιῖις
1359 1181 1404 1236 καί
1421 1179 1540 1236 καθόλου

422 1277 650 1358 ἀποφαινόμενος,
674 1301 688 1332 ιι
704 1279 779 1356 περὶ
799 1277 929 1334 πάντων
945 1303 959 1332 ιι
982 1277 1072 1355 λέγων
1094 1301 1108 1330 ιι
1133 1277 1154 1332 ὦ
1178 1277 1249 1348 παὶ,
1275 1277 1327 1352 μία
1348 1278 1446 1358 ἀρχή·
1465 1301 1479 1332 ιι
1494 1279 1541 1333 καὶ

421 1383 468 1433 νῦν
483 1375 511 1434 δὲ
534 1402 548 1432 ιι
563 1377 605 1440 ὡς
628 1373 738 1433 ίοικεν
755 1401 769 1430 ιι
794 1376 876 1432 είπὼν
897 1379 947 1447 τὴν
970 1369 1048 1442 δόξαν
1071 1373 1152 1448 δηλοῖ
1173 1377 1228 1453 [καὶ
1249 1373 1411 1452 ἀληθεύσας,
1426 1379 1486 1454 περί
1507 1377 1541 1433 ού

421 1476 589 1556 ἀπεφήνατο]
604 1477 653 1546 τήν
669 1473 910 1555 ἐπιτυγχάνουσαν·
932 1474 1175 1555 ἀποτυγχανούσης
1198 1471 1227 1530 δὲ
1248 1474 1327 1530 είκόιν
1349 1475 1475 1540 όλυσίας
1493 1477 1540 1533 αἵτε

421 1580 459 1648 τῷ
474 1575 628 1654 φαινομένῳ
651 1572 793 1654 προσάγων
815 1575 859 1629 καὶ
874 1579 976 1652 μερικῷ
990 1575 1051 1652 περὶ
1070 1575 1084 1629 6
1105 1575 1150 1630 καί
1171 1577 1188 1644 ἡ
1210 1571 1270 1630 καθ’
1292 1571 1428 1649 ὑπόληψιν
1449 1574 1537 1646 ἀπάτη

358 1693 389 1742 10
420 1671 534 1750 γίνεται.
553 1669 587 1726 “0
601 1693 627 1728 τι
642 1669 688 1728 σῦν
709 1671 813 1748 [είκιιίν]
837 1671 906 1727 ἐστιν
929 1674 942 1728 6
966 1671 1113 1750 Σωκράτης
1135 1679 1184 1742 τῆς
1207 1665 1297 1742 δόξης,
1321 1673 1335 1728 ὁ
1354 1671 1470 1752 Φαῖδρος
1490 1681 1540 1742 τῆς

421 1769 564 1850 φαντασίας
582 1768 648 1844 ἐστὶ,
664 1771 709 1825 καὶ
728 1772 742 1826 6
762 1768 860 1835 Λυσίας
877 1777 928 1840 τῆς
944 1769 1104 1840 αἰσθήσεως·
1122 1771 1136 1824 6
1153 1769 1202 1844 μἐν
1217 1767 1315 1834 Λυσίας
1329 1769 1375 1826 ἅτε
1397 1770 1429 1826 ἐν
1449 1768 1540 1826 άστεε

420 1866 520 1947 διάγων
535 1870 649 1932 καὶτοῖς
670 1867 843 1948 φαινομένοις
862 1867 1017 1949 προσέχων,
1041 1869 1055 1923 6
1077 1865 1105 1924 δὲ
1127 1866 1244 1946 Φαῖδρος
1267 1869 1314 1924 άτε
1336 1870 1380 1925 καί
1401 1864 1461 1934 ἔξω
1482 1873 1540 1924 τοῦ

332 1986 404 2052 μω
420 1967 570 2046 τείχους,
593 1973 649 2024 τῶν
674 1965 678 2045 Ι
704 1967 839 2038 αἰσθητῶν
862 1963 980 2038 δηλαδὴ,
1008 1965 1197 2046 προῃρημένος
1222 1963 1336 2038 ὁδεύειν,
1362 1968 1412 2038 την
1440 1963 1539 2044 βίόλον

423 2064 463 2122 ἐπ’
482 2065 620 2144 ἀριστερᾶς
642 2062 715 2146 ἔχων
735 2066 779 2120 καί
800 2065 833 2120 τά
853 2063 1071 2142 ἑναπσμάγματα
1090 2071 1141 2136 τῆς
1164 2065 1326 2137 αἰσθήσεως.
1350 2065 1469 2146 Ἔχομεν
1491 2065 1539 2121 οῦν

357 2183 387 2235 15
420 2161 541 2220 ἐντεῦθεν
557 2163 623 2233 ὠςί,
640 2159 704 2228 δόξα
717 2161 802 2219 πλέον
821 2162 966 2218 οἰκειοῦται
981 2167 1015 2238 τῇ
1035 2161 1166 2242 φαντασίᾳ
1186 2162 1204 2233 l}
1226 2167 1259 2237 τῇ
1281 2163 1413 2232 αἰσθήσει·
1437 2163 1468 2218 ἐκ
1487 2164 1539 2240 γάρ

419 2271 469 2332 τῆς
492 2259 639 2343 φαντασίας
662 2261 708 2316 καί
726 2258 825 2337 λόγους
847 2256 983 2334 λαμόόνει
1001 2257 1146 2338 (πολλάκις
1161 2261 1212 2339 γάρ
1229 2258 1292 2316 ἰδών
1312 2281 1351 2324 τις
1369 2262 1414 2316 καὶ
1435 2281 1539 2340 φαντα-

420 2361 563 2434 σιούμενος
579 2355 688 2425 ίδόξασε
703 2360 747 2414 καί
760 2360 820 2438 περὶ
833 2364 881 2415 τοῦ
895 2359 1100 2437 προκειμένου),
1117 2366 1167 2429 τῆς
1182 2355 1210 2414 δὲ
1224 2359 1372 2431 αἰσθήσεως
1388 2361 1433 2415 καὶ
1446 2360 1538 2438 πόρρω

419 2457 502 2530 ούσης
517 2464 638 2536 προνοεῖ..
656 2455 760 2536 ’Ὥσπερ
782 2459 833 2536 γάρ
856 2458 878 2513 εἶ
901 2459 939 2532 μί,
963 2457 997 2526 ἦν
1019 2459 1033 2513 6
1055 2456 1167 2530 λυσίας,
1188 2455 1288 2514 σῦκόν
1309 2459 1335 2513 ci
1356 2457 1437 2514 καλοί
1459 2456 1539 2534 λόγοι

419 2562 466 2612 τοῦ
494 2555 653 2635 Σωκράτους
676 2556 740 2635 πρὸς
765 2555 812 2612 τδν
838 2553 956 2635 Φαῖδρον
983 2555 1164 2633 ἐγεγόνεισαν,
1195 2555 1280 2619 οῦτως
1305 2552 1362 2612 τύδ’
1390 2555 1539 2628 αἰσθήσεως

356 2677 388 2727 20
420 2651 503 2726 οῦσης
519 2655 568 2712 οὐκ
583 2654 645 2726 ivs
664 2655 795 2734 φαντασία
810 2653 910 2732 λόγους
926 2659 960 2729 τῆ
976 2651 1041 2730 δόξῃ
1055 2653 1225 2734 παράπεμπε.
1244 2655 1292 2710 Καὶ
1307 2654 1378 2710 οῦτω
1395 2654 1444 2728 μὲν
1460 2652 1538 2731 εἷ’περ

418 2753 433 2807 6
450 2753 596 2832 Σωκράτης
612 2762 661 2824 τῆς
675 2745 755 2824 δόξης
773 2751 862 2810 εἰκών.
888 2753 916 2808 El
931 2750 958 2808 δὲ
978 2754 992 2808 ὁ
1008 2751 1119 2824 Λυσίας,
1134 2752 1242 2816 πάντως
1257 2750 1286 2808 δί
1305 2773 1336 2830 γε
1349 2761 1400 2824 τῆς
1422 2749 1537 2831 διημαρ-

418 2851 550 2926 τημένης,
567 2848 713 2930 όΦαῖδρος
729 2860 779 2922 τῆς
801 2848 920 2915 διανοίας
935 2849 967 2906 liv
983 2847 1025 2922 είη
1042 2851 1086 2907 καὶ
1101 2853 1115 2907 ό
1133 2851 1280 2931 Σωκράτης
1296 2856 1343 2907 τοῦ
1359 2855 1416 2908 νοῦ·
1434 2850 1537 2912 ἐκεῖνος

420 2951 468 3024 μἐν
488 2949 530 3006 ότι
549 2946 592 3005 διὰ
608 2950 690 3024 μέσου
710 2949 900 3027 συλλογίζεται
919 2954 966 3006 τοῦ
990 2944 1097 3026 βιόλίου
1114 2950 1145 3005 τὸ
1164 2950 1332 3024 ζητούμενον
1353 2949 1399 3005 καί
1416 2949 1458 3006 ότι
1479 2945 1537 3014 ἔξω

418 3047 555 3128 τείχους
582 3050 643 3124 [τῆς
668 3048 729 3126 περί
753 3049 787 3103 τά
810 3048 923 3118 αἰσθητά
946 3047 1061 3122 ἀπάτης]
1090 3047 1243 3128 πορεύεται,
1270 3049 1320 3117 τὴν
1346 3043 1464 3112 διέξοδον
1490 3053 1536 3102 τοῦ

355 3168 383 3217 ,5
419 3144 605 3224 συλλογισμοῦ
620 3146 664 3202 καί
682 3145 712 3200 τὸ
727 3143 762 3201 δι’
783 3143 871 3202 άλλου
893 3143 963 3202 άλλιι
980 3140 1129 3219 σιμόαῖνσν
1146 3143 1337 3218 ῦποδηλούσης
1357 3153 1406 3217 τῆς
1428 3139 1534 3210 λέξεως·

419 3245 433 3300 6
456 3242 484 3300 δὲ
504 3243 554 3300 κάν
575 3243 642 3300 lacu
665 3241 727 3300 ποτ’
748 3243 766 3319 ᾖ
788 3242 838 3299 κάν
859 3243 936 3307 ἐκτός
958 3242 1008 3300 κάν
1033 3243 1103 3308 ἐντός
1126 3249 1180 3300 τῶν
1203 3243 1348 3316 αίσθητιῖιν,
1373 3243 1449 3318 ὅμως
1474 3243 1538 3322 πρὸς

419 3343 513 3400 ίαυτδν
535 3341 773 3422 ἐπιστρεφόμενος.
796 3345 909 3419 Τριττην
933 3347 998 3419 γοῦν
1021 3340 1127 3412 κίνησιν
1150 3340 1256 3398 δίδωσιν
1280 3344 1294 3398 6
1316 3341 1401 3420 λόγος
1426 3347 1467 3416 τῷ
1487 3345 1536 3414 νῷ,

418 3445 466 3514 την
483 3438 627 3513 κυκλικὴν,
647 3441 697 3510 την
717 3436 867 3512 ἑλικοειδῆ,
888 3440 933 3496 καί
954 3442 1003 3511 τὴν
1021 3439 1082 3496 κατ’
1101 3439 1173 3497 εύθύ·
1197 3443 1246 3511 τὴν
1270 3441 1319 3514 μὲν
1339 3438 1471 3511 κυκλικὴν
1492 3438 1538 3494 ὅτε

417 3541 483 3620 πρὸς
509 3541 602 3596 ἑαυτὸν
628 3537 688 3596 καθ’
707 3539 802 3595 ἑαυτὸν
822 3537 1006 3619 ἐπιστρέφεται
1031 3540 1076 3594 καὶ
1100 3539 1249 3618 ἀκροθιγῶς
1274 3543 1329 3596 τῶν
1354 3539 1538 3612 ὑποκειμένων

356 3657 387 3706 30
418 3636 602 3718 ἐπιδράττεται
617 3638 707 3716 ὥσπερ
721 3635 822 3700 κύκλος
838 3634 973 3702 ἐπίπεδος·
997 3637 1032 3702 ὡς
1050 3639 1101 3716 γάρ
1123 3637 1227 3701 ἐκεῖνος
1247 3639 1316 3694 κατά
1336 3635 1453 3694 πλείονα
1474 3636 1491 3705 ἢ
1510 3636 1538 3690 ἓν

419 3743 535 3811 σημεῖον
555 3735 604 3792 οὐκ
626 3733 656 3792 διν
678 3737 787 3811 ἅψεται,
815 3736 887 3792 οῦτω
907 3741 966 3800 νοῦς
987 3737 1052 3814 πρὸς
1074 3736 1168 3792 ἑαυτὸν
1191 3735 1416 3817 ἐπιστρεφόμενος
1438 3735 1487 3791 οῦκ
1507 3732 1538 3789 ἂν

418 3841 475 3897 τοῖς
495 3832 647 3898 πολιτικοῖς
667 3832 895 3906 καλινδηθήσεται
914 3833 1081 3914 πράγμασιν·
1106 3831 1242 3904 ἑλικοειδῆ
1265 3831 1293 3890 δὲ
1314 3833 1409 3908 ὄπ’-ᾗ
1432 3829 1538 3902 διανοίη

448 4010 464 4060 6
478 4007 523 4060 2³7
540 4008 562 4058 Β

448 4115 509 4170 ΤίΤ
523 4117 553 4170 27
567 4115 659 4185 τρ]ιττὴ
674 4121 717 4170 τοῦ
732 4121 776 4170 νοῦ
792 4115 908 4184 [κι]νησις
923 4122 947 4168 Α

450 4233 497 4285 Nc
511 4233 524 4283 1
539 4230 720 4299 γνωρίζουσαν]
730 4234 886 4297 γνωρίζουσα
900 4243 916 4280 a
978 4231 993 4280 2
1008 4219 1037 4282 οῦ
1048 4243 1082 4281 ex
1094 4229 1138 4282 οῦν
1150 4235 1171 4280 Α
1185 4245 1191 4279 :
1208 4229 1252 4282 οῦν
1264 4231 1292 4281 Μ
1306 4231 1371 4294 (jam
1381 4237 1538 4284 correxerat

418 4305 486 4366 Αετ)
550 4303 622 4367 ιίμὲν
639 4316 720 4353 evan.
735 4303 763 4352 in
780 4305 803 4352 Α
866 4302 881 4350 7
895 4304 937 4352 καὶ
952 4301 1011 4352 -8
1026 4301 1167 4366 ἀπεφήνατο
1187 4303 1298 4363 seclusi,
1318 4303 1371 4353 nisi
1388 4309 1447 4366 post
1459 4305 1535 4355 είπὼν

417 4381 554 4440 reportare
571 4375 631 4425 haec
644 4374 728 4424 verba
739 4373 870 4424 malueris
932 4373 948 4422 8
964 4373 1016 4436 ἅτε]
1028 4375 1084 4424 οὔτι
1096 4371 1122 4423 Μ
1189 4374 1219 4423 10
1234 4375 1281 4424 ὅτι
1291 4374 1385 4438 scripsi
1398 4388 1404 4422 ε
1416 4374 1428 4425 ὃ
1438 4393 1464 4426 τε
1475 4375 1536 4424 libri

417 4446 491 4496 εἰκών
511 4445 612 4496 seclusi
675 4445 705 4494 17
729 4445 756 4495 δὲ
779 4458 833 4494 cm.
860 4445 887 4494 Μ
954 4443 984 4492 19
1008 4447 1166 4509 ἐγεγόνεισαν
1190 4445 1229 4494 εἰσ
1248 4445 1309 4494 libri
1372 4444 1404 4494 20
1424 4453 1452 4510 τῆ
1475 4447 1535 4508 δόξα,

417 4516 548 4582 λόγουςΜ
614 4513 644 4565 21
658 4523 700 4578 τῆς
715 4519 775 4578 posi
787 4514 923 4581 Σωκράτης
938 4527 996 4565 om.
1014 4515 1042 4564 Μ
1107 4515 1138 4564 23
1154 4515 1196 4567 διδ
1209 4519 1253 4566 τοῦ
1265 4517 1385 4579 μίσουΜ
1442 4504 1536 4579 ’Βίτής

417 4615 447 4624 -
462 4587 557 4650 ἀπάτης
576 4586 676 4636 seclusi
696 4586 758 4645 [nisi
774 4585 874 4636 addere
893 4589 1017 4637 τουτέστιν
1032 4586 1174 4648 malueris)
1238 4586 1268 4636 26
1284 4580 1300 4660 ᾖ
1315 4600 1349 4636 ex
1365 4588 1385 4637 εί
1400 4589 1425 4637 Α
1438 4587 1472 4648 (ll

417 4657 488 4725 πρὸς]
512 4661 567 4723 περί
584 4658 610 4706 Μ
676 4656 706 4706 27
726 4659 800 4707 αὐτόν
821 4657 848 4706 Μ
914 4657 984 4722 γοῦν]
1001 4655 1044 4707 σῦν
1063 4657 1091 4706 Μ
1156 4657 1230 4707 29·30
1253 4661 1425 4724 ίπιστρίφηται
1441 4661 1536 4710 elbu-

417 4729 548 4796 δράττηται
567 4730 590 4778 Α
655 4729 686 4778 30
696 4730 809 4786 ἐπίπεδος
819 4727 915 4792 scripsi
931 4743 937 4776 :
953 4731 1070 4780 ἐπιπέδου
1086 4731 1109 4778 Α
1126 4739 1133 4779 2
1149 4731 1187 4780 ἐπὶ
1207 4731 1282 4782 πέδου
1302 4729 1331 4780 Μ
1396 4730 1426 4779 31
1446 4729 1535 4796 ἅψεται

417 4800 528 4863 scripsi:
544 4799 637 4866 ἅψηται
651 4798 715 4850 libri
729 4799 774 4862 (oi.
792 4799 831 4863 32)
