3660 5686
484 594 539 644 ΕΙΣ
560 593 626 650 Tox
644 593 820 644 innoxos
842 593 984 644 ‘immi
1008 593 1149 648 xiioiii‘
1329 608 1375 656 105

154 751 219 818 [1151
251 743 360 802 οὐκέτ’
381 743 490 824 ἄπειρον
509 743 615 822 πρόεισι
633 742 666 799 τὰ
684 748 811 799 κινοῦντα
829 741 924 815 δῆλον·
947 740 1008 799 ούτε
1027 743 1078 822 γὰρ
1099 741 1155 800 ἔστι
1173 744 1204 801 τό
1221 741 1330 824 ἀπιιρον
1349 745 1376 802 ὲν

250 843 329 914 ούσίᾳ
347 841 409 900 ούτε
427 842 564 917 ἐπιστήμη
586 839 668 898 αὐτοῦ
687 838 768 900 ἔστιν.
787 837 864 898 Ἀλλ’
882 837 944 898 οὐδὲ
959 839 1054 915 κύκλῳ
1074 842 1176 898 οἷόντε
1196 841 1264 900 ίέναι
1285 844 1318 900 τά
1334 865 1374 900 κι-

250 946 355 998 νοῦντα·
373 941 577 1020 ἀναιρεθήσεται
592 939 643 1018 γὰρ
657 943 711 995 τῶν
726 935 811 995 ὄντων
826 941 843 1010 ή
858 933 943 1008 τάξις,
963 941 1007 995 καί
1021 940 1052 995 τὸ
1068 939 1133 997 αύτδ
1151 937 1267 998 ἔσταιτι
1283 939 1373 998 αἶ’τιον

250 1041 294 1096 καίΙ
316 1039 445 1097 αἰτιατόν.
465 1035 547 1094 Ὠστε
567 1035 608 1094 διῑ
627 1037 696 1094 εἶναι
717 1036 806 1118 ἀρχήν
819 1057 879 1092 τινα
898 1039 1033 1108 κινήσεως
1055 1040 1100 1094 καί
1122 1041 1193 1113 μήτε
1208 1039 1251 1096 ίτ’
1265 1037 1374 1120 ὄπειρον

203 1145 219 1193 5
252 1139 317 1194 ίέναι
335 1139 383 1203 τάς
402 1139 520 1208 κινήσεις
541 1137 612 1210 μήτι
630 1133 735 1209 κύκλῳ.
752 1135 910 1206 -Ταύτην
931 1133 964 1206 δή
984 1138 1034 1207 τήν
1049 1137 1139 1218 ἀρχὴν
1159 1145 1208 1209 τῆς
1226 1139 1371 1210 κινήσεως,

251 1236 308 1306 ήτις
322 1236 378 1292 ἐστὶ
392 1235 461 1292 κατὰ
479 1235 649 1315 ἀμφοτέρους
664 1233 726 1297 τούς
742 1231 907 1314 ριλοσόρους
923 1238 941 1306 ή
957 1237 1045 1315 ψυχή,
1061 1237 1076 1291 ὄ
1092 1237 1142 1310 μὶν
1159 1235 1276 1294 Πλάτων
1291 1238 1373 1318 φησίν

251 1334 436 1405 αύτοκίνητον,
460 1335 475 1389 ὄ
494 1330 523 1389 δὲ
541 1331 729 1412 Ἀριστοτέλης
750 1331 891 1404 ἀκίνητον.
909 1330 970 1389 Ὀτι
989 1331 1017 1390 δέ
1036 1332 1077 1392 δεῖ
1095 1333 1195 1407 ταύτην
1211 1337 1262 1407 τήν
1283 1335 1372 1416 ἀρχήν

250 1441 298 1504 τῆς
318 1435 452 1505 κινήσεως
477 1432 657 1502 αὐτοκίνητον
680 1429 843 1502 δείκνυσθαι,
868 1433 914 1488 καί
935 1427 961 1498 ἐξ
985 1432 1075 1490 αὐτῶν
1096 1437 1152 1490 τῶν
1174 1432 1373 1513 Ἀριστοτέλους

250 1527 395 1607 δογμάτων
411 1529 506 1605 μύθοις
520 1527 553 1585 ἀν
568 1528 698 1586 ἑντεύθεν·
715 1528 742 1585 ἐν
757 1535 820 1585 πᾶσι
835 1535 893 1592 τοῖς
910 1527 984 1586 ούσιν
998 1529 1048 1586 οὐκ
1067 1531 1175 1606 διμέοως
1193 1534 1211 1602 ή
1227 1531 1304 1612 φύσις
1319 1532 1372 1590 ἀπὸ

144 1645 166 1694 p.
181 1631 228 1683 116
249 1633 295 1684 τού
315 1627 435 1685 ἰναντίου
454 1627 497 1684 ἐπὶ
514 1629 545 1684 τὸ
564 1626 680 1684 έναντίον
698 1635 799 1708 χωρεῖ,
817 1629 875 1685 οἷον
890 1628 943 1684 ἀπὸ
958 1635 1100 1709 χειμῶνος
1116 1631 1152 1694 εἰς
1166 1629 1259 1709 Βέρος,
1280 1631 1284 1709 Ι
1304 1628 1373 1688 ἀλλά

250 1725 291 1784 δεῖ
302 1727 409 1791 πάντως
422 1729 472 1798 τήν
487 1727 626 1801 μεσότητα
637 1727 852 1805 προηγήσασθαι,
868 1727 928 1784 τοτὲ
942 1727 991 1801 μὶν
1006 1724 1063 1806 ἔαρ,
1078 1729 1139 1784 τοτὶ
1154 1725 1183 1784 δέ
1199 1728 1370 1808 μετόπωρον·

248 1826 292 1882 καὶ
311 1827 397 1890 ούτως
419 1825 461 1882 ἐπὶ
481 1825 589 1881 πάντων
611 1824 747 1899 σωμάτων
766 1846 795 1882 τι
816 1825 861 1881 καί
879 1825 1045 1900 ἀσωμάτων,
1066 1827 1116 1882 Καὶ
1138 1824 1170 1898 δή
1193 1827 1238 1883 καὶ
1259 1825 1372 1884 ὲνταύθα

250 1921 326 1988 ὄντος
341 1928 388 1980 τοῦ
401 1925 601 2002 έτεροκινήτου,
618 1919 695 1987 ὄντος
711 1919 740 1980 δέ
753 1924 797 1979 καί
811 1928 858 1980 τοῦ
873 1923 1012 1997 ἀκινήτου,
1027 1921 1070 1980 δεῖ
1086 1924 1175 1981 καὶτὸ
1192 1925 1274 2000 μέσον
1289 1925 1370 1997 εἶναι,

147 2087 152 2096 ὁ
250 2017 334 2076 ὄέστι
348 2021 378 2076 τὸ
394 2019 583 2092 αὐτοκίνητον,
603 2019 694 2076 ἓνκαὶ
711 2018 854 2078 ταύτόνδν
875 2025 913 2093 τῷ
936 2020 1044 2099 ἀριθμῷ
1065 2021 1109 2078 καί
1129 2027 1167 2100 τῷ
1190 2022 1369 2097 ὑποκειμένῳ.

203 2126 213 2136 ’
250 2115 284 2171 Ὃ
298 2117 351 2197 γάρ
372 2138 452 2197 ρησιν
471 2115 659 2198 Ἀριστοτέλης
681 2116 869 2189 αὐτοκίνητον,
891 2120 950 2174 οἷον
972 2119 1002 2174 τὸ
1021 2120 1103 2192 ζῷον,
1123 2117 1173 2175 ούκ
1193 2114 1249 2176 ἔστι
1270 2119 1301 2175 τὸ
1325 2125 1371 2176 νῦν

248 2215 427 2294 προκείμενον
439 2215 476 2280 είς
488 2218 610 2287 ζήτησιν·
627 2215 657 2272 ὲκ
669 2215 720 2295 γάρ
733 2219 782 2272 τοῦ
796 2215 922 2286 ἀκινήτου
935 2217 980 2271 καὶ
995 2216 1181 2294 ἒτεροκινήτου
1196 2217 1372 2295 συγκειμένου

248 2313 307 2372 κατ’
326 2313 406 2370 αὐτὸν
425 2318 474 2370 τοῦ
497 2313 567 2386 ζῴου
587 2314 619 2370 τό
642 2311 708 2370 ὄλον
728 2314 810 2394 ρησὶν
829 2312 1008 2385 αὐτοκίνητον
1028 2313 1106 2371 εἶναι.
1126 2311 1209 2372 'iim
1228 2313 1305 2378 ὄντος
1324 2321 1372 2372 τοῦ

247 2413 336 2488 πάντη
357 2412 484 2483 ἀκινήτου
504 2414 562 2468 οίον
581 2419 630 2482 τῆς
646 2412 755 2468 πάντων
772 2412 873 2493 ἀρχῆς,
893 2409 971 2476 ὄντος
986 2413 1031 2469 καὶ
1047 2417 1096 2469 τού
1112 2413 1301 2492 ίτεροκινήτου
1315 2416 1372 2470 οἷον

248 2519 302 2569 τῶν
319 2512 464 2587 σωμότων,
485 2507 560 2568 ἐ’σται
579 2503 679 2587 μεταξὺ
699 2511 745 2568 καί
766 2512 796 2568 τὸ
815 2511 1002 2583 αὐτοκίνητον,
1024 2512 1089 2592 ὅπερ
1109 2510 1185 2568 οὐδὲν
1206 2510 1278 2571 ἀλλο
1300 2507 1372 2570 ἔσται

183 2613 216 2664 20
248 2611 369 2691 ήψυχή.
387 2607 421 2666 Ὃ
435 2611 488 2690 γάρ
506 2609 539 2666 θν
557 2608 674 2684 εἰδῶμεν
695 2603 722 2676 ἐξ
741 2611 823 2666 αὑτοῦ
842 2611 1010 2685 κινούμενον,
1034 2609 1113 2666 τοῦτό
1134 2632 1225 2691 ραμιν
1246 2605 1371 2693 ἔμψυχον

248 2709 326 2782 εἶναι,
343 2709 382 2773 ὡς
396 2709 497 2780 ταύτης
518 2705 602 2779 οόσης
618 2707 722 2788 φύσεως
741 2711 843 2788 ψυγής,
863 2713 911 2765 τοῦ
932 2708 1016 2780 αιἰτήν
1035 2709 1132 2780 θαυτήν
1148 2715 1244 2768 κινεῖν.
1266 2707 1370 2791 ’Ὥσπερ

248 2805 294 2863 ούν
313 2811 396 2886 τριῶν
418 2805 502 2864 ὄντων
524 2805 628 2864 τούτων
651 2804 727 2886 [τῶν]
750 2807 796 2862 καί
818 2806 888 2862 κατά
905 2807 952 2863 τὸν
975 2804 1174 2886 Ἀριστοτέλην,
1198 2813 1257 2880 νοῦ,
1283 2811 1368 2883 ζωῆς,

247 2903 334 2977 ὄντος,
353 2905 411 2977 καί,
431 2909 539 2983 πρῶτον
558 2905 595 2968 ὡς
616 2904 659 2961 ἐπὶ
676 2910 723 2961 τοῦ
743 2901 818 2968 ὄντος
838 2905 937 2977 εἰπεῖν,
958 2902 1037 2968 ὄντος
1057 2906 1127 2970 τινὸς
1142 2903 1214 2988 [τοῦ]
1226 2909 1371 2984 γινομένου

248 3003 291 3084 ὑφ’
309 3003 399 3082 ἒτόρου
417 3004 463 3060 καί
485 3003 515 3059 τὸ
537 3003 604 3059 εἶναι
622 3001 685 3082 παρ’
700 3002 790 3082 ίτὲρου
811 3000 972 3082 δεχομένου,
989 2998 1060 3061 ἔστιν
1079 3005 1197 3078 ὄέαυτῷ
1211 3005 1324 3086 παρέχει
1338 3007 1369 3064 τὸ

182 3103 214 3154 25
247 3101 325 3173 είναι,
342 3103 401 3158 οἷον
415 3103 429 3158 ό
442 3101 555 3181 ούρανδς
570 3103 614 3158 καί
630 3102 656 3157 οἰ
671 3107 724 3174 νοῖ,
741 3102 808 3181 ἅπερ
821 3101 900 3165 αύτός
916 3101 1006 3182 ὥσπερ
1020 3102 1060 3159 ἀεὶ
1077 3099 1141 3158 ὄντα
1155 3101 1275 3181 ἀγένητό
1289 3125 1370 3184 φησιν

249 3200 299 3256 ὑπὸ
313 3199 401 3268 πόσης
416 3197 502 3270 ἄλλης
516 3198 603 3262 αίτίας
615 3198 656 3278 (ού
665 3200 716 3278 γὰρ
727 3199 857 3277 βούλεται
867 3199 934 3257 αότά
949 3198 1011 3257 οὐδὲ
1024 3199 1084 3257 κατ’
1094 3201 1178 3257 αἰτίαν
1192 3205 1369 3280 γεγενῆσθαι,

247 3297 336 3376 ὥσπερ
348 3295 410 3353 οὐδὲ
424 3297 493 3353 κατὰ
506 3297 618 3376 χρόνον,
631 3293 696 3354 ἀλλ’
711 3297 758 3354 ἅτε
770 3297 812 3354 ἀεὶ
827 3294 891 3354 ὄντα
905 3297 1025 3378 ἀγένητα
1037 3297 1105 3356 είναι
1116 3299 1162 3356 καί
1178 3301 1282 3365 δαυτοῖς
1296 3298 1372 3358 αίτια

139 3395 235 3446 mv·
246 3400 292 3451 τοῦ
308 3394 400 3473 είναιή·
414 3396 459 3452 καὶ
472 3393 555 3451 πόλιν
570 3395 608 3458 ὡς
622 3393 665 3451 ἐπὶ
681 3403 731 3467 τῆς
749 3398 832 3468 ζωῆς,
849 3394 935 3453 ὄντων
950 3395 1043 3476 διταρ’
1054 3396 1153 3477 έτίρων
1171 3397 1176 3476 Ι
1193 3397 1370 3478 καταδέχεται

276 3661 290 3709 7
308 3674 331 3711 e.
347 3674 375 3726 g.
389 3659 512 3725 Μιίαρίι.
528 3661 678 3720 1118,1012
693 3659 709 3710 ό
723 3662 752 3714 31
815 3663 832 3714 8
846 3676 929 3726 saepe,
945 3677 969 3714 e.
980 3678 1007 3730 g.
1023 3665 1050 3714 in
1068 3663 1228 3730 Cateyoriia
1291 3666 1321 3718 15
1336 3665 1370 3717 de

246 3736 399 3782 καίουσα.
417 3732 511 3782 V1115
574 3731 769 3784 25doooelol
790 3733 821 3784 10

275 3865 337 3916 ΤΙΤ
359 3865 457 3932 ὄάρχὴ
476 3873 519 3928 τῆς
538 3865 660 3930 κινήσσως
680 3867 780 3934 ἡψυχὴ
795 3868 860 3919 κατὰ
875 3867 1001 3920 Πλάτωνα
1019 3869 1190 3934 αὐτοκίνητον,
1205 3873 1260 3924 κατ’
1278 3873 1369 3940 Ἀρισ-

244 3939 330 4000 τοτίλη
350 3939 467 4000 ἀκίνητον
486 3936 507 3988 C
570 3937 601 3986 22
616 3940 662 3988 νοῦ
679 3943 742 4001 ζωῆς
762 3937 832 3997 ὄντος
851 3938 873 3990 C
936 3939 967 3990 26
987 3944 1000 3991 ό
1019 3941 1195 4008 Ἀριστοτέλης
1214 3946 1269 3994 κατ’
1288 3943 1368 3996 αίτίαν

244 4011 286 4060 καί
303 4009 368 4059 κατὰ
385 4011 477 4075 χρόνον
494 4011 628 4074 ἀγέννητον
644 4005 759 4074 βούλεται
778 4011 820 4060 τὀν
839 4014 937 4076 κόσμον
957 4010 978 4062 C

276 4144 587 4210 ΝὒθαύτοῦῙαύτῶνΑ
652 4149 714 4198 ἰέναι
731 4146 828 4211 scripsi
840 4149 903 4199 ooli.
915 4145 1060 4200 ί.5;είναι
1071 4149 1134 4200 libri
1197 4150 1368 4205 3ο112τιΑ

306 4213 503 4281 έμήτιήμὴΜ
567 4215 671 4282 simi]
689 4215 797 4270 ιίναιΜ
862 4219 988 4272 eim
1052 4221 1167 4285 μὶνοω.
1189 4221 1217 4270 Μ
1283 4223 1315 4275 10
1330 4226 1369 4275 ini

243 4287 281 4352 τὀ]
299 4290 336 4339 ἐπ’
359 4289 387 4338 Μ
451 4286 595 4354 11δι1]δὴ
615 4289 641 4339 Μ
709 4288 739 4338 17
756 4289 842 4356 αὐτὸν]
860 4291 920 4343 αύτό
936 4292 964 4342 Μ
1029 4291 1061 4342 θθ
1078 4291 1108 4345 ἀν
1126 4305 1182 4344 om.
1202 4293 1231 4344 M
1296 4297 1369 4346 ιίόῶ-

245 4357 298 4422 μιν]
314 4361 411 4423 εἴδομεν
428 4359 455 4408 Μ
521 4359 598 4411 αὑτοῦ
614 4361 637 4408 Α
700 4360 731 4411 22
746 4369 796 4412 τιῖιν
814 4361 914 4412 seclusi
979 4365 1021 4414 καί
1040 4375 1095 4413 om.
1118 4362 1147 4413 Μ
1211 4363 1242 4414 2³
1259 4369 1303 4416 τοῦ
1322 4379 1367 4415 se·

244 4429 314 4480 elusi
376 4427 621 4497 25ιόσπεροω.Μ
639 4429 770 4497 (ἀπιρΑύ)
834 4430 1022 4499 θθούῙκαίΜ
1087 4433 1177 4498 αἰτίαν]
1191 4438 1258 4486 αἴτια
1276 4435 1306 4485 Μ

242 4501 274 4552 27
292 4502 346 4553 ἀλλ’
365 4499 417 4566 ἀτι]
435 4501 500 4553 ἀλλά
517 4502 549 4553 rii
569 4501 596 4550 Μ
661 4505 703 4552 καί
723 4505 820 4561 έαυτοῖς
837 4503 954 4568 scripsi:
976 4508 1074 4564 έαυτοῖς
1095 4508 1137 4556 καί
1158 4504 1222 4556 iibri
1286 4505 1318 4556 28
1334 4513 1368 4566 ὡς

243 4571 338 4635 scripsi
349 4587 356 4623 ι
368 4569 454 4639 ὥσπερ
464 4571 526 4622 libri
589 4572 625 4622 ad
636 4572 741 4624 enicem
754 4573 842 4624 Μῦν·
852 4574 905 4625 hoo
914 4574 1027 4626 schema
1036 4574 1177 4628 invenitur
1191 4575 1249 4638 iliu.
1263 4579 1348 4640 rubr.)
1361 4592 1367 4628 :

244 4641 366 4694 ἀθάνατον
430 4643 551 4710 ἄφθαρτον
616 4645 736 4710 ἀγένητον
800 4644 867 4714 ἁρχὴ
884 4645 1007 4710 κινήσεως
1072 4647 1232 4710 αὐτοκίνητον
1297 4649 1367 4716 ψυχή

276 4706 1337 4766 QQx-JQ
1423 4727 1426 4738 v
