3660 5686
428 637 460 686 88
810 627 951 678 Errrssror
972 627 1168 678 ΦΙΛΟΣΟΦΟΥ

331 784 397 851 [105]
430 780 577 858 ἀρκούσης,
593 781 638 836 καί
654 779 767 855 μάλιστα
780 788 828 852 τῆς
843 779 983 860 ἐρωτικῆς,
998 781 1035 844 είς
1049 780 1081 838 τὸ
1095 787 1264 860 περιαγαγεῖν
1277 781 1326 852 τῆν
1340 782 1442 862 ψυχὴν,
1459 778 1550 850 ἀλλ’ἡ

428 877 496 934 κατὰ
517 873 589 944 τιίξιν
610 881 655 936 καί
676 879 782 958 βαθμὸν
803 879 890 940 αὐτῶν
906 881 979 958 σειρδι
996 879 1040 935 καίΙ
1058 883 1075 950 ἡ
1094 878 1121 936 ἐν
1140 872 1212 943 τάξει
1230 877 1367 951 τελειότης
1387 887 1437 950 τῆς
1458 882 1550 960 ψυχῆς

428 974 605 1056 παραδίδοται
622 983 677 1036 νῦν.
694 975 797 1057 Ὥσπερ
813 975 859 1034 ούν
872 977 918 1033 τὸν
933 979 1088 1056 τυραννικὸν
1104 975 1213 1034 δυνατὸν
1231 978 1281 1052 μέν
1295 979 1341 1033 καί
1356 977 1452 1055 ἁθρόον
1470 999 1551 1050 μετα-

429 1070 566 1132 όέλλοντα
584 1077 723 1154 προθυμία
741 1098 769 1132 τε
789 1076 905 1150 συντόνῳ
924 1077 968 1132 καίΙ
987 1077 1054 1146 Ξιεία
1070 1076 1154 1155 μοίρᾳ
1172 1075 1316 1155 χρώμενον
1337 1077 1552 1155 ἀριστοκρατικὸν

381 1179 396 1226 5
428 1175 557 1252 γενέσθαι,
574 1173 639 1231 ἀλλ’
658 1175 676 1244 ἥ
695 1197 725 1253 γε
744 1175 812 1232 κατὰ
834 1175 938 1252 βαθμὸν
958 1175 1039 1232 αότοῦ
1059 1172 1150 1238 ἄνοδος
1169 1174 1221 1230 ἀπὸ
1240 1180 1288 1231 τοῦ
1308 1179 1463 1254 τυραννικοῦ
1483 1174 1552 1230 ἐστιν

429 1274 466 1337 είς
481 1271 513 1344 δη
519 1274 693 1352 μοκρατικόν,
709 1276 754 1330 καί
770 1274 822 1329 ἀπὸ
840 1274 935 1330 τούτου
955 1273 992 1337 είς
1012 1272 1198 1352 ὀλιγαρχικὸν,
1219 1275 1278 1330 είτα
1296 1274 1332 1336 είς
1352 1273 1550 1352 τιμοκρατικόν,

427 1372 471 1427 καί
490 1369 642 1428 τελευταῖον
662 1371 700 1436 είς
720 1371 946 1452 ἀριστοκρατικὸν,
967 1368 1099 1428 ιἀνόπαλιν
1116 1368 1144 1428 δέ
1158 1373 1176 1442 η
1191 1370 1306 1435 κάθοδος
1321 1371 1367 1428 καί
1383 1371 1549 1440 ἀπόπτωσις,

428 1469 500 1526 ούτιυ
516 1467 548 1540 δὴ
565 1470 610 1526 καί
629 1469 740 1526 ἐνταῦθα
758 1470 900 1546 μέλλουσα
913 1471 1014 1526 ἀνιέναι
1030 1471 1074 1526 καί
1088 1469 1335 1540 ιἰποκαταστῆναιί,
1354 1472 1428 1549 ψυχῇ
1445 1475 1551 1548 πρῶτον

430 1568 478 1642 μέν
492 1573 526 1644 τῇ
543 1563 658 1644 μουσικῇ
675 1569 754 1644 μανία
768 1568 922 1649 κατέχεται,
941 1569 999 1626 είτα
1013 1573 1046 1644 τῇ
1061 1567 1208 1644 τελεστικῇ,
1230 1569 1287 1625 είτα
1305 1572 1338 1643 τῇ
1358 1573 1486 1643 μαντικῇ,
1507 1570 1552 1623 καί

367 1668 396 1718 10
427 1664 578 1722 τελευταῖον
593 1669 626 1740 τῇ
642 1663 768 1744 ἐρωτικῇ,
785 1666 823 1730 ῶς
839 1667 975 1744 προιόντες
992 1666 1164 1742 γνωσόμεθα.
1183 1665 1351 1739 Συμπνέουσι
1370 1663 1398 1720 δέ
1415 1662 1550 1736 ἀλλήλαις

427 1766 471 1820 καί
489 1762 592 1821 δέονται
609 1762 736 1835 ἀλλήλων
757 1765 832 1821 αόται
850 1767 878 1821 αί
894 1765 1018 1844 τέσσαρες
1034 1765 1201 1844 κατοκωχαί,
1220 1765 1345 1836 <καί>
1364 1764 1435 1820 ούτω
1456 1761 1549 1835 πολλῆ

427 1864 467 1926 τίς
484 1862 553 1918 ἐστιν
568 1862 655 1918 αύτῶν
672 1865 689 1932 ἡ
705 1863 841 1920 κοινωνία·
858 1866 875 1933 ἡ
891 1864 940 1936 μὲν
955 1865 1006 1942 γὰρ
1025 1862 1165 1932 τελεστικὴ
1185 1860 1270 1918 δεῖται
1288 1869 1337 1933 τῆς
1357 1869 1498 1936 μουσικῆς,
1518 1862 1551 1918 τὰ

427 1959 520 2018 πολλὰ
536 1962 586 2040 γὰρ
603 1967 657 2018 τῶν
670 1963 739 2018 κατέ
755 1962 805 2031 τῆν
821 1962 978 2032 τελεστικὴν
994 1963 1124 2037 μαντικὴν
1141 1961 1313 2040 ὑπαγορεύει·
1333 1962 1378 2016 καί
1390 1958 1470 2016 πόλιν
1485 1959 1549 2030 air,

430 2063 542 2134 μαντικῇ
564 2069 612 2132 τῆς
630 2059 785 2131 τελεστικῆς
804 2059 970 2139 προσδεῖται,
991 2063 1008 2131 ί,
1029 2060 1080 2139 γὰρ
1096 2056 1238 2129 τελεστική
1259 2057 1333 2116 τελεῖ
1351 2059 1396 2114 καί
1413 2056 1551 2138 καθιδρύει

366 2158 395 2207 15
426 2158 459 2213 τὰ
473 2165 595 2232 μαντεῖα·
610 2158 627 2228 ἥ
642 2181 670 2215 τι
684 2157 717 2215 αὖ
731 2161 845 2234 μαντικὴ
860 2164 893 2234 τῇ
909 2163 1036 2234 ποιητικῇ
1049 2159 1094 2214 καὶ
1108 2162 1224 2234 μουσικῇ
1237 2166 1418 2238 προσχρῆται,
1431 2155 1551 2236 ἔμμετρα

428 2257 478 2336 γὰρ
496 2258 533 2320 ὡς
554 2253 617 2321 ἐ’πος
636 2259 718 2314 εἰπεῖν
734 2258 776 2314 ἀεί
797 2257 954 2338 φθέγγονται
974 2259 1000 2315 οί
1019 2257 1134 2332 μάντεις·
1156 2255 1216 2327 ἥτε
1234 2257 1349 2331 μουσικὴ
1368 2257 1450 2313 πόλιν
1468 2277 1550 2336 προσ-

427 2362 527 2433 χρῆται
539 2377 572 2430 τη
587 2361 700 2430 μαντικῇ
715 2355 854 2434 αότοιρυῶς
867 2357 905 2418 ὡς
919 2355 996 2420 αύτός
1009 2377 1085 2435 φησι.
1100 2361 1176 2412 Θεῑον
1188 2355 1239 2435 γὰρ
1253 2354 1299 2412 ούν
1311 2357 1355 2411 καί
1366 2356 1396 2412 τό
1409 2355 1549 2426 ποιητικὸν

339 2475 351 2492 ⁸
428 2449 593 2508 ἐνθεαστικὸν
616 2451 646 2508 δν
669 2453 746 2530 γένος
765 2451 951 2532 χρησμῳδοῦν
973 2451 1088 2509 πολλῶν
1113 2457 1168 2509 τῶν
1191 2451 1252 2508 κατ’
1276 2451 1404 2524 ἀλήθειαν
1428 2452 1474 2508 σίν
1500 2473 1551 2506 τισι

429 2549 545 2613 Μούσαις
562 2551 608 2604 καί
625 2551 733 2629 Χάρισιν
753 2550 897 2629 ἐφάπτεται
916 2551 1051 2608 ἑκάστοτε.
1075 2552 1140 2630 Περὶ
1159 2548 1187 2606 δέ
1205 2560 1255 2622 τῆς
1273 2550 1403 2630 ἐρωτικῆς
1422 2551 1466 2606 καί
1484 2570 1551 2623 μου·

366 2646 397 2696 20
429 2655 506 2718 σικῆς
527 2647 554 2703 τί
576 2650 618 2704 δεῖ
638 2650 681 2704 καί
704 2649 814 2726 λέγειν;
837 2647 933 2728 σχεδὸν
954 2649 1005 2728 γὰρ
1028 2651 1054 2704 οἰ
1077 2648 1152 2705 αιἰτοί
1172 2651 1220 2719 τῆν
1241 2671 1268 2706 τε
1290 2650 1420 2723 μουσικὴν
1439 2649 1483 2704 καί
1501 2649 1551 2717 τῆν

429 2744 560 2824 ἐρωτικὴν
574 2744 706 2818 ἤσκησαν,
720 2748 758 2811 ὡς
772 2745 833 2804 ἄνευ
845 2746 979 2816 ἀλλήλων
991 2748 1059 2804 εἶναι
1073 2749 1112 2821 μή
1127 2745 1287 2822 δυναμένων,
1300 2748 1388 2826 ὥσπερ
1400 2744 1433 2816 δι’,
1448 2744 1550 2826 Σαπφώ

428 2843 522 2898 τεκαὶ
544 2840 691 2922 Ἀνακρέων
709 2845 753 2899 καί
773 2845 798 2900 οί
821 2843 924 2918 ὅμοιοι.
947 2841 1087 2922 Πρόδηλον
1106 2843 1134 2900 δέ
1156 2843 1195 2899 δτι
1216 2846 1296 2914 καὶὴ
1319 2842 1434 2922 ἐρωτικὴ
1454 2842 1550 2906 πάσαις

429 2935 618 3014 συμόσίλλεται,
635 2942 703 2998 ὅπου
718 2943 748 2998 ού
765 2943 846 3018 μόνον
861 2943 968 3005 ταύταις
982 2941 1049 2998 ἀλλὰ
1064 2942 1114 3022 γδιρ
1127 2941 1196 3008 ἅπαξ
1208 2944 1253 2998 καί
1268 2941 1363 3006 ἁπλῶς
1375 2942 1451 2998 παντίΙ
1463 2941 1551 2998 ἐνθου-

429 3047 545 3114 σιασμῷ·
568 3039 664 3098 οὐδένα
682 3041 731 3121 γδιρ
752 3041 945 3116 ἐνθουσιασμὸν
965 3039 1028 3098 ἄνευ
1046 3048 1096 3112 τῆς
1113 3040 1244 3121 ἐρωτικῆς
1260 3041 1396 3105 ἐπιπνοίας
1410 3037 1551 3117 σιμόαίνει

365 3135 395 3183 ‘35
428 3139 557 3217 γίνεσθαι.
574 3139 649 3218 Ὀρᾷς
666 3147 725 3204 πῶς
743 3139 852 3221 Ὀρφεύς
871 3141 956 3204 παίσας
974 3139 1147 3212 ἐπιτηδεύσας
1165 3141 1285 3220 κραίνεται
1302 3141 1336 3204 ῶς
1357 3138 1486 3214 δεομένας
1506 3142 1552 3196 καί

428 3235 561 3316 ἐχομένας
587 3235 728 3308 ἀλλήλων·
756 3236 980 3294 τελεστικώτατον
1012 3238 1060 3310 μέν
1088 3239 1140 3316 γὰρ
1164 3236 1242 3292 αὐτὸν
1272 3237 1317 3292 καί
1347 3236 1551 3306 μαντικῶτατον

428 3333 635 3415 παρειλήφαμεν
644 3337 690 3391 καί
703 3336 752 3392 ὑπὸ
765 3343 813 3392 τοῦ
829 3334 998 3400 ’Λπόλλωνος
1013 3337 1181 3409 κινούμενον,
1197 3333 1236 3392 έτι
1249 3334 1462 3407 ποιητικώτατον
1475 3333 1504 3390 όν
1519 3355 1551 3412 γε

322 3437 407 3488 Μθι·
428 3431 461 3490 δι’
477 3432 539 3490 αότδ
553 3435 690 3491 τοῦτοκαὶ
707 3432 864 3506 Καλλιόπης
884 3434 889 3513 Ι
908 3434 966 3490 υίδν
980 3433 1105 3514 γενέσθαι
1118 3433 1209 3514 φασίν·
1226 3433 1424 3514 ἐρωτικώτατός
1438 3433 1466 3490 τέ
1480 3433 1550 3490 ἐστιν

429 3532 466 3595 ὡς
488 3532 566 3596 αύτδς
586 3531 672 3610 λέγων
690 3531 814 3612 ραίνεται
830 3533 897 3612 πρὸς
918 3533 963 3590 τὸν
980 3538 1115 3590 Μουσαῖον
1129 3532 1174 3589 καί
1189 3531 1335 3613 προτείνων
1351 3531 1423 3606 αύτῷ
1439 3533 1471 3588 τὰ
1486 3537 1552 3588 &eia

366 3625 397 3674 30
429 3630 513 3708 ἀγαθὰ
527 3632 571 3686 καί
586 3628 700 3687 τελετῶν
713 3631 804 3690 αύτόν.
822 3632 922 3696 Πόσσις
937 3631 984 3689 ούν
998 3629 1075 3713 ῶρθη
1092 3634 1159 3706 ἡμῖν
1173 3632 1250 3695 οὗτος
1265 3632 1279 3686 ό
1294 3630 1362 3709 ἀνὴρ
1376 3630 1551 3710 κατασχεθεὶς

324 3745 348 3796 p.
366 3733 412 3783 106
429 3736 487 3792 ταῖς
505 3729 626 3803 μανίαις·
646 3732 692 3785 καίΙ
708 3729 865 3808 ἀναγκαίοις
881 3729 909 3787 δέ
927 3731 932 3810 Ι
950 3736 1029 3788 τοῦτο
1050 3725 1202 3805 συμόαίνει·
1224 3727 1313 3799 πολλὴ
1332 3729 1383 3808 γὰρ
1395 3726 1491 3792 ’ἑνωσις
1506 3729 1551 3784 καί

430 3829 563 3902 σύμπνοια
578 3827 681 3884 τούτων
700 3833 754 3883 τῶν
774 3834 849 3886 θεῶν
867 3830 934 3908 πρὸς
954 3827 1089 3899 ἀλλήλους
1107 3835 1161 3884 τῶν
1181 3827 1284 3908 ἐφόρων
1301 3827 1404 3882 τούτων
1422 3831 1476 3882 τῶν
1496 3847 1550 3900 μα-

428 3931 501 3994 νιῶν,
518 3926 562 3982 καί
573 3923 666 3996 πολλὴ
679 3926 812 3998 οίκειότης
824 3927 889 4006 πρὸς
899 3927 1008 3990 ἑαυτούς
1021 3926 1074 3983 ἐστι
1087 3931 1211 3997 Μουσῶν,
1226 3925 1362 3996 Διονύσου,
1373 3923 1548 3995 Ἀπόλλωνος,

428 4025 557 4105 Ἔρωτος.

458 4218 488 4268 17
510 4221 592 4284 φησίῑ
612 4230 709 4269 vocem
731 4218 861 4284 αὐτοφυῶς
882 4218 1008 4269 invenies
1030 4219 1113 4280 Gory.
1134 4219 1179 4269 513
1204 4217 1226 4268 Β
1245 4224 1272 4269 et
1290 4217 1352 4280 [κιρ.
1372 4217 1383 4266 1
1402 4216 1489 4266 6420

426 4291 457 4339 24
479 4291 569 4341 οὐδένα
589 4317 621 4325 -
643 4291 674 4340 30
693 4289 767 4340 αὐτόν
788 4290 844 4351 jam
864 4290 986 4339 ediderat
1006 4291 1119 4340 Ουεκειιι
1139 4292 1167 4340 in
1189 4287 1318 4354 Orplricis
1340 4289 1383 4350 (ir.
1403 4288 1449 4338 875
1469 4287 1549 4348 Abel)

488 4361 519 4411 28
535 4361 563 4411 in
580 4361 670 4411 Soror
686 4375 709 4410 s.
724 4375 749 4411 v.
769 4358 877 4429 Ὀρφεύς
892 4361 993 4411 dicitur
1007 4361 1081 4411 fliius
1096 4361 1205 4426 Oeagrii
1219 4367 1245 4411 et
1260 4361 1395 4425 Calliopes

459 4482 506 4532 Nc
526 4483 540 4532 l
561 4484 614 4534 ἀλλ’
632 4482 648 4546 ἢ
666 4485 689 4532 Α
754 4480 798 4530 3-4
822 4485 991 4546 μεταόαλόντα
1012 4483 1043 4532 A¹
1108 4483 1353 4549 θάριστοκρατικῶς
1374 4483 1402 4532 Μ
1467 4480 1498 4531 10
1516 4486 1550 4540 ὡς

427 4566 481 4602 om.
498 4552 535 4602 M.
601 4551 629 4602 11
648 4554 691 4602 καί
705 4551 799 4602 addidi
863 4555 893 4602 13
911 4549 1062 4620 ὑπαγορεύει
1086 4552 1204 4616 μαντικήν
1221 4552 1247 4600 Μ
1314 4553 1343 4601 11
1360 4549 1499 4619 καθιδριύει
1520 4552 1548 4600 Μ

489 4623 518 4672 17
536 4624 609 4681 αὐτὸς
624 4625 683 4688 φησί
697 4626 720 4672 Λ
784 4623 815 4674 18
829 4625 1031 4675 ἐνθουσιαστικὸν
1051 4625 1078 4674 Μ
1144 4623 1174 4673 19
1189 4623 1214 4674 δέ
1228 4623 1323 4686 scripsi
1339 4640 1345 4673 ε
1361 4624 1410 4691 γὰρ
1425 4622 1488 4674 libri

424 4695 456 4744 20
472 4692 517 4758 δεῖ]
533 4694 562 4756 δὴ
579 4695 611 4744 A¹
676 4693 706 4744 23
726 4697 798 4746 παντί
817 4707 871 4744 om.
889 4696 917 4744 M
982 4696 1012 4745 25
1034 4693 1151 4761 Ὀρφεὺς]
1170 4699 1182 4745 ό
1203 4695 1338 4761 Σωκράτης
1356 4699 1380 4745 Α
1400 4695 1460 4756 ised
1476 4695 1550 4744 linea

426 4771 581 4814 transversa
591 4766 708 4815 deducta
720 4767 910 4830 superscripsit
924 4767 1021 4817 eadem
1036 4780 1134 4816 manus
1150 4762 1267 4832 ὁρρεύς);
1284 4769 1297 4816 ο
1312 4765 1419 4832 Ὀρφεὺς
1435 4767 1550 4817 Οιτιικιιιι
