3604 5690
427 576 474 630 198
800 559 940 614 οοιιιιιοι
960 559 1157 612 υιιιοοουοε

331 724 397 792 [169]
429 716 464 773 Τὸ
480 713 508 772 δέ
523 711 609 772 εἶδεν
624 709 724 783 αὐτὴν
741 709 821 786 μετὰ
835 711 1058 792 σωφροσύνης·
1079 708 1161 782 δῆλον
1175 710 1221 768 καὶ
1236 709 1356 769 ίντεῦθιν
1370 709 1411 768 θ’τι
1424 709 1485 790 περὶ
1499 715 1550 768 τοῦ

429 813 572 889 ἀμείνονος
595 808 694 890 ἔρωτος
715 806 877 888 διαλέγεται,
899 813 957 873 πῶς
978 807 1061 868 ἄνεισι
1081 811 1126 866 καῖ
1147 815 1206 875 πῶς
1227 810 1339 880 κάτεισι,
1360 811 1405 868 καῖ
1425 808 1480 866 ἀνω
1501 809 1550 866 καὶ

428 913 502 971 κάτω
522 910 711 990 μεταρίρεται,
731 907 776 966 καὶ
794 915 956 988 κατακρατιῖ
977 917 1028 981 τῆς
1051 908 1204 984 ἐπιθυμίας·
1229 907 1300 988 λέγει
1322 907 1350 966 θὲ
1371 909 1480 988 ὕστερον
1501 908 1550 964 καὶ

429 1015 488 1074 πῶς
500 1013 715 1088 κατακρατεῖται.
730 1004 851 1064 Διδάσκει
860 1006 908 1063 οὖν
921 1007 961 1064 θ’τι
971 1008 997 1064 οί
1008 1007 1123 1065 ἐνταῦθα
1135 1007 1354 1089 ἀγειρατευόμενοι
1367 1009 1411 1064 καί
1426 1007 1468 1064 έπῖ
1478 1005 1551 1064 πολῦ

383 1121 397 1168 5
429 1113 507 1166 τοῦτο
523 1106 688 1183 μελετῶντες
703 1104 896 1185 περιγινόμεθα
910 1107 955 1162 καὶ
971 1107 1007 1170 είς
1020 1109 1070 1178 τὴν
1087 1105 1154 1164 Βίαν
1169 1106 1306 1187 ἐρχόμεθα
1320 1113 1370 1164 τοῦ
1385 1103 1547 1166 αὐτοκάλου.

430 1205 521 1261 -Τὸ
542 1201 571 1261 ἀι
592 1203 623 1260 έν
643 1205 730 1282 ἀγνῷ
754 1203 861 1282 βάθριμ
879 1203 910 1258 τὸ
932 1204 1029 1275 νοητὸν
1051 1203 1134 1282 λέγει,
1159 1202 1285 1274 έπειθήθ
1306 1204 1389 1268 τόπος
1414 1206 1428 1260 θ
1451 1205 1550 1276 νοητὸς

429 1303 543 1382 καθαρὸς
557 1303 602 1358 καῖ
621 1297 771 1373 ἀκίθθηλος
785 1301 829 1357 καῖ
849 1301 929 1379 ἀγνές
946 1300 1011 1358 ἐστι·
1032 1301 1064 1358 τά
1082 1301 1133 1382 γὰρ
1152 1301 1265 1360 ένπαῡθα
1282 1299 1354 1362 καλά
1372 1301 1422 1360 οὐκ
1438 1302 1504 1362 εῖσῖν
1520 1302 1551 1362 έν

430 1401 571 1482 ἀκραιφνεῖ
584 1399 671 1478 καλῷ.

470 1555 521 1613 νθ’,
544 1551 668 1610 Ἔθεισέ
688 1553 734 1629 τε]
757 1552 815 1611 254
838 1551 874 1612 Β.

368 1709 399 1762 10
470 1697 504 1753 Τὸ
520 1693 592 1768 θέος,
608 1693 696 1760 καθὼς
711 1695 835 1776 ἀνωτέρω
855 1695 983 1771 εἴπομεν,
1001 1695 1041 1756 θεῖ
1058 1694 1155 1757 λαθεῖν
1172 1705 1298 1757 τοιοῦτον
1318 1697 1377 1765 θέας
1397 1701 1463 1758 καθὸ
1482 1701 1552 1757 ὑπο-

431 1793 600 1869 στελλόμιθα
614 1793 676 1858 τοῖς
690 1793 782 1868 θεοὺς,
798 1795 850 1876 οὐχ
861 1799 921 1853 οἷον
934 1797 1001 1876 πρὸς
1011 1795 1074 1862 τοὺς
1083 1795 1294 1872 πολεμίους.-
1307 1799 1342 1855 Τὸ
1357 1797 1385 1856 δὲ
1396 1799 1552 1858 ἀνέπεσεν

432 1891 541 1970 ὑπτία,
564 1891 699 1950 τουτέστιν
720 1891 844 1951 ε’ίλκυσεν
864 1894 963 1966 έαυτήν
984 1895 1036 1951 ἀπὸ
1058 1899 1111 1980 τῶν
1132 1897 1266 1968 αίσθητῶν
1287 1897 1395 1954 πάντων
1418 1898 1462 1963 εῖς
1482 1897 1552 1954 τοῦ-

431 1994 526 2053 πίσω.
542 2024 581 2038 -
593 1991 745 2049 Ἐλκιίσαι
760 1989 787 2048 θέ
803 1990 877 2070 λέγει
891 1994 921 2050 τὸ
936 1991 1100 2073 ἀναδραμεῖν
1115 1995 1168 2052 ἀπὸ
1182 2003 1232 2067 τῆς
1248 1993 1316 2068 θλης
1329 1995 1374 2054 καὶ
1389 2003 1443 2053 των
1458 1997 1552 2067 αἰσθη-

431 2099 484 2150 τῶν
504 2091 546 2148 έπῖ
564 2091 598 2148 τά
616 2091 700 2162 νοητά
721 2088 794 2164 είθη.
810 2125 848 2136 -
865 2092 925 2148 Τὸν
944 2091 976 2149 θέ
996 2088 1165 2172 ὑθριστιίν·
1181 2095 1227 2152 τὸν
1241 2101 1289 2165 τῆς
1304 2093 1447 2170 έπιθυμίας
1463 2093 1550 2176 λέγει.

370 2247 400 2300 15
473 2243 505 2316 ξ,
531 2245 728 2306 Ἀπελθόντε
750 2243 782 2304 θέ
804 2247 974 2328 ἀπωτέρω]
999 2248 1057 2308 254
1080 2247 1116 2307 C.

472 2393 566 2452 θάκέπι
583 2393 649 2473 πρὸς
667 2395 717 2464 τὴν
736 2398 784 2450 τοῦ
804 2391 941 2472 ἐρωμένου
960 2391 1158 2465 πλησιάσαντες
1177 2395 1332 2470 κοινωνίαν,
1352 2391 1426 2450 ἀλλά
1439 2393 1507 2472 πρὸς
1522 2394 1553 2449 τὸ

434 2493 539 2566 νοητόν.
556 2525 595 2538 -
610 2491 638 2549 '0
654 2491 712 2568 μέν
727 2489 840 2571 ἱδρῶτι
854 2499 958 2549 πᾶσαν
972 2487 1084 2570 ἔθρεξε
1100 2494 1159 2563 τὴν
1174 2493 1290 2574 ψυχήν·
1310 2490 1391 2572 ἰθρῶς
1404 2491 1455 2572 γάρ
1470 2493 1552 2570 μέγας

432 2591 477 2649 καί
497 2592 568 2671 ἀγὼν
587 2592 664 2655 οὗτος
683 2596 717 2668 τῇ
736 2595 825 2672 ψυχῇ,
844 2593 875 2649 ὃν
894 2590 975 2649 ἀθλεῖ
993 2591 1148 2670 ἀναγομένη
1169 2591 1212 2649 ἐπὶ
1233 2592 1264 2649 τὸ
1284 2592 1393 2663 νοητόν.
1414 2593 1505 2648 -Τὸ
1526 2589 1555 2648 θὶ

436 2691 533 2768 μέγις
550 2683 806 2756 ἐξαναπνεθσας·
823 2691 837 2746 θ
851 2688 934 2754 ’ίππος
947 2695 995 2746 τοῦ
1008 2689 1203 2764 ἐπιθυμητικοῦ
1217 2689 1348 2761 δηλονότι
1359 2681 1459 2770 ἤρξατο
1471 2711 1553 2761 και-η-

372 2785 403 2836 20
434 2795 525 2868 γορεῖν
540 2789 586 2844 τὸν
600 2788 715 2869 ἡνίοχον
730 2787 771 2845 θ’τι
782 2785 836 2846 ἔδει
850 2788 1011 2869 προσελθεῖν
1026 2795 1083 2852 τοῖς
1097 2789 1233 2859 αἰσθητοῖς
1244 2789 1289 2844 καὶ
1303 2789 1342 2863 μὴ
1357 2787 1461 2868 φεύγειν
1476 2787 1552 2846 αὖτά.

435 2921 473 2932 -
487 2886 521 2943 Τὸ
537 2885 565 2943 δὲ
583 2883 691 2958 δειλίᾳ
708 2887 763 2944 καὶ
783 2885 942 2966 ἀνανδρία
959 2884 1092 2944 λιπόντε
1110 2889 1169 2958 τὴν
1187 2882 1280 2956 τάξιν
1302 2885 1344 2945 διὰ
1362 2887 1392 2944 τὸ
1413 2889 1451 2964 μὴ
1472 2907 1553 2966 προσ·

435 2984 566 3062 ομιλῆσαι
580 2991 637 3050 τοῖς
650 2985 798 3057 αἰσθητοῖς.

477 3135 528 3208 ξα’.
553 3143 610 3199 Καὶ
632 3140 731 3199 πάλιν
754 3143 812 3200 οὐκ
833 3141 1022 3219 ἐθέλοντας]
1047 3143 1104 3201 254
1128 3142 1166 3202 D.

339 3312 365 3362 p.
374 3297 420 3348 170
475 3292 516 3365 Τῷ
532 3285 588 3344 ὄντι
601 3287 647 3344 τὸν
658 3287 750 3365 ἀγῶνα
764 3295 812 3358 τῆς
826 3291 916 3368 ψυχῆς
930 3286 975 3343 καὶ
987 3289 1037 3357 τὴν
1050 3286 1091 3368 ἐρ’
1103 3287 1214 3365 έκάτερα
1227 3287 1312 3365 ῥοπὴν
1324 3285 1367 3344 θιά
1378 3291 1433 3344 τῶν
1446 3287 1536 3365 ῥητῶν
1548 3286 1553 3366 Ι

330 3387 387 3440 ί·71
398 3393 420 3436 ι’
436 3385 538 3442 τούτων
558 3383 694 3465 ἐμφαίνει,
711 3383 751 3440 ὅτι
768 3383 833 3440 ποτέ
852 3387 900 3458 μὶν
919 3383 1058 3462 ἀνάγεται,
1079 3383 1144 3441 ποτὲ
1164 3382 1192 3440 δέ
1210 3384 1366 3462 κατάγεται,
1382 3385 1427 3441 καῖ
1440 3384 1496 3459 θ’σιρ
1510 3406 1556 3440 κα-

439 3481 516 3557 μάτῳ
533 3483 697 3562 περιγίνεται
715 3489 766 3552 τῆς
785 3481 848 3560 περὶ
867 3483 900 3538 τά
921 3481 1035 3552 αἶσθητά
1053 3483 1208 3546 κοινωνίας.
1228 3515 1266 3526 -·-
1284 3483 1319 3538 Τὸ
1339 3479 1368 3538 θέ
1383 3480 1489 3540 πολλὰ
1505 3504 1557 3538 κα-

437 3582 537 3648 κίζων
555 3581 627 3638 εἶπεν
643 3581 695 3650 θ’τι,
711 3581 804 3660 φησὶν,
822 3579 935 3638 ἀπέλιπε
949 3583 997 3652 τὴν
1011 3581 1077 3661 πρὸς
1092 3582 1137 3638 τὸν
1152 3579 1289 3661 ἐρώμενον
1303 3582 1455 3641 κοινωνέον.

480 3735 531 3808 ξδ’.
556 3738 725 3802 Ἐλθόντος
746 3735 779 3794 θὶ
800 3743 856 3794 τοῦ
878 3734 1104 3812 συντεθέντος]
1127 3736 1185 3796 254
1209 3735 1247 3798 D.

481 3883 588 3956 Ἐπειθῖ,
618 3883 646 3941 δέ
676 3882 834 3964 ὑπερέθεντο
863 3883 1011 3946 εἰσαῦθις
1041 3878 1261 3962 προσομιλῆσαι,
1293 3877 1557 3954 ἀναμιμνῄσκει,

377 3995 408 4044 30
439 3985 516 4068 ρησῖ,
537 3991 591 4041 τῶν
609 3985 761 4054 συνθηκῶν.
782 3987 869 4039 Ταῦτα
888 3979 916 4038 δέ
934 3981 1018 4038 πάντα
1032 3980 1147 4052 <τά>
1160 3976 1294 4056 λεγόμενα
1311 3977 1357 4041 τάς
1372 3979 1492 4048 κινήσεις
1509 3981 1559 4032 τοῦ

473 4240 504 4293 10
520 4241 637 4306 ἀνωτέρω
651 4235 707 4300 181,
724 4238 752 4286 15

473 4374 535 4426 ΊΊΤ
550 4373 581 4425 14
598 4370 715 4440 ὑθριστὴν
727 4371 804 4422 ῖππον
818 4365 862 4432 τὴν
880 4369 1009 4430 ἐπιθυμίαν
1023 4369 1089 4431 λέγει
1106 4366 1134 4416 C¹

476 4509 521 4558 NC
543 4511 556 4558 3
577 4511 664 4576 κρατεῖ
684 4505 713 4554 Μ
778 4505 792 4552 5
810 4501 951 4553 αὑτοκαλοῦ
971 4500 1046 4560 115τί;
1068 4501 1104 4550 cf.
1123 4499 1210 4556 197,6
1272 4500 1288 4548 9
1305 4499 1392 4560 ἐ’θεισε,
1411 4499 1422 4549 ἔ
1443 4496 1516 4546 rubr.
1536 4499 1560 4544 A

507 4582 535 4630 15
553 4581 693 4632 ἀπελθόντι,
711 4578 726 4627 ιίι
741 4573 814 4625 rubr.
835 4579 857 4622 A
924 4573 954 4621 16
969 4572 1139 4635 πλησιάσαντε
1155 4571 1183 4619 Μ
1248 4571 1276 4620 21
1295 4573 1412 4640 δειλίᾳτε
1428 4569 1498 4618 Plat.

444 4657 547 4705 λιπόντα
561 4652 627 4701 Plan
639 4647 734 4698 cod.B
797 4645 827 4694 23
843 4647 895 4698 καί,
911 4664 925 4694 ιι
941 4641 1015 4692 rubr.
1032 4647 1054 4691 A
1119 4643 1148 4691 24
1166 4641 1282 4708 ἑκάτερον
1299 4641 1325 4690 Μ
1392 4641 1423 4690 28
1439 4643 1561 4695 ἐλθόντος,

445 4723 548 4778 έῐιιίιε.
569 4727 592 4774 A
655 4715 782 4784 2951155]
800 4717 825 4765 Μ
892 4717 919 4766 τὸ
937 4716 1045 4774 είσαῦθις
1065 4715 1091 4762 Μ
1158 4713 1189 4760 30
1205 4715 1362 4764 συνθικῶνι
1425 4707 1562 4764 τάιθιίίθί
