3660 5686
505 569 559 620 ΕΙΣ
581 569 641 618 ios
666 569 841 618 ΙΙΔΑΤΩΔῸΣ
864 567 1006 616 ΦΑΙΔΡΟΝ
1030 567 1151 616 ΣΧΟΔΙΔ
1364 579 1395 628 93

174 731 242 797 [1082
274 728 317 795 Τῷ
331 723 565 800 Ξεωρητικωτέρῳ
582 723 631 796 μέν
647 719 692 777 οῦν
708 719 810 791 δόξειέ,
826 722 935 799 τεγνικθΙ
955 718 1112 798 σωρροσύνη
1130 719 1311 776 πλεονεκτεῖν·
1328 721 1397 775 κατὰ

277 821 367 894 μέντοι
386 823 436 890 τῆν
454 820 524 894 ἐμὴν
539 820 627 898 κρίσιν
647 827 708 882 τοῖς
725 826 789 876 πᾶσι
806 817 910 889 δοκεῖῆ
927 815 1016 882 ἔνθους
1032 819 1116 898 τέχνη
1132 825 1252 897 κρατεῖν.
1272 815 1358 874 'iiii
1372 817 1398 873 τί

275 921 302 974 οί
324 921 371 993 μέν
391 917 473 976 ἄλλοι
491 918 679 992 ἐνθουσιασμοὶ
699 918 766 996 πρὸς
787 917 880 995 ὀλίγον
897 917 1018 995 γίνονται
1038 917 1151 997 χρόνον,
1170 917 1196 972 οἳ
1216 915 1244 972 δέ
1264 916 1334 972 κατὰ
1351 917 1397 980 τὰς

274 1017 369 1096 τέχνας
386 1019 431 1073 καί
450 1018 498 1081 τὰς
519 1017 669 1091 ἐπιστήμας
689 1015 808 1097 διαρκεῖς
828 1016 909 1090 εἶσιν;
932 1015 980 1092 Ἢ,
1002 1016 1091 1094 ὥσπερ
1112 1014 1155 1070 ἐπί
1175 1021 1223 1070 τοῦ
1239 1013 1395 1092 ιἰγόλματος

226 1125 242 1172 5
275 1115 415 1192 ἐλέγομεν,
437 1115 479 1172 ὅτι
498 1112 557 1195 ἔχει
577 1117 651 1178 τινας
670 1123 844 1195 χαρακτῆρας
863 1115 908 1170 καί
924 1111 1048 1188 σύμόολα
1063 1116 1141 1170 ἅτινα
1160 1111 1212 1170 ἔστ’
1227 1113 1257 1168 ἂν
1276 1113 1398 1187 σῴζηται

275 1217 379 1284 ἡπᾶσα
393 1212 491 1285 τελετίΙ
509 1213 551 1271 ἀεὶ
566 1213 629 1271 αὐτὸ
646 1213 836 1288 έλλιίμπεσθαι
855 1220 938 1282 ποιεῖ,
958 1213 1029 1269 ούτω
1047 1210 1080 1282 δὴ
1095 1213 1140 1268 καὶ
1157 1213 1171 1268 ὁ
1187 1211 1314 1292 τεχνίτης
1330 1212 1398 1287 πρὸς

276 1318 310 1388 τῇ
331 1312 406 1388 ἄλλη
430 1310 628 1384 ἐπιτηδειότητι
648 1310 706 1392 ἔχει
727 1312 773 1367 καί
796 1313 828 1366 τὰ
849 1314 1030 1390 Βεωρῆματα,
1057 1312 1133 1366 ἅτινα
1156 1309 1245 1388 ὥσπερ
1271 1305 1397 1383 σύμόολα

276 1410 364 1467 ἐνόντα
376 1415 408 1486 τῇ
424 1415 501 1491 ψυχῇ
517 1411 559 1467 ἀεὶ
573 1411 656 1481 αύτῆν
671 1409 860 1484 έλλοίμπεσθαι
874 1415 959 1466 ποιεῖ·
976 1407 1019 1465 διὰ
1037 1405 1069 1477 δὴ
1087 1415 1167 1465 τοῦτο
1184 1406 1226 1464 δεῖ.
1238 1408 1270 1463 τὰ
1285 1409 1397 1486 θεωρῆ-

278 1531 350 1583 ματα
364 1515 418 1565 τῶν
434 1508 594 1584 ἐπιστημῶν
608 1509 652 1564 καί
669 1508 752 1579 αύτῆς
767 1517 817 1578 τῆς
833 1515 964 1582 μαντικῆς
978 1507 1106 1583 μελετᾶν,
1119 1504 1155 1562 *ἔν’
1170 1504 1244 1581 ὦμεν
1258 1504 1285 1561 έν
1298 1505 1397 1584 προθύ-

212 1613 245 1664 10
278 1628 334 1686 ροις
347 1616 395 1678 τῆς
408 1613 462 1664 τῶν
475 1607 580 1687 ἑρόρων
591 1613 665 1664 θεῶν
678 1607 766 1663 αὐτῶν
775 1607 925 1672 ἐπιπνοίας.
938 1605 1042 1663 Ἐκεῖνο
1055 1605 1148 1680 μέντοι
1157 1609 1232 1678 ἡμᾶς
1245 1607 1283 1678 μὴ
1298 1601 1398 1682 ταράξῃ

276 1712 335 1771 πῶς
350 1704 458 1785 εἷ’ρηται
469 1708 483 1762 ὁ
494 1707 619 1770 Διόνυσος
634 1706 664 1761 τὸ
675 1705 741 1762 ὅλον
754 1707 800 1762 καί
811 1703 903 1762 τέλεον
913 1709 983 1779 ἡμῖν
992 1703 1132 1786 παρέχειν,
1141 1704 1229 1760 καίτοι
1245 1703 1398 1780 λεγόμενος

277 1813 327 1876 τῆς
343 1802 498 1883 διαιρέσεως
516 1806 561 1860 καί
581 1811 629 1860 τοῦ
647 1802 814 1883 διῃρημένου
829 1811 877 1859 νοῦ
896 1805 939 1860 καί
954 1804 1042 1874 πάσης
1057 1811 1103 1874 τῆς
1120 1803 1247 1880 μερίστης
1268 1800 1400 1878 δημιουρ-

277 1903 338 1980 γίας
356 1903 525 1982 προστάτης
548 1901 584 1959 Ἢ
603 1903 691 1982 ὥσπερ
711 1901 743 1972 δὴ
765 1900 874 1980 λέγεται
889 1905 907 1972 i,
924 1903 998 1981 ψυχὴ
1019 1901 1137 1958 κατιέναι
1157 1902 1192 1966 εἷς
1208 1901 1311 1978 γένεσιν
1331 1901 1400 1955 κατὰ

277 2002 405 2080 πρόνοιαν
423 2003 468 2058 καί
487 1999 632 2079 ἀγαθοειδῆ
655 2001 737 2072 αὐτῆς
758 2001 926 2081 προαίρεσιν,
950 2001 1119 2058 κατελθοῦσα
1142 1999 1234 2075 μέντοι
1255 1999 1303 2078 έπίΙ
1318 1997 1399 2055 πλέον

214 2105 245 2152 15
280 2097 481 2180 ιριλοςρρονεῖται
507 2101 557 2170 τήν
583 2099 695 2178 γένεσιν,
719 2101 766 2155 καὶ
792 2097 835 2155 διόι
859 2105 940 2156 τοῦτο
965 2099 1033 2174 αὐτῇ
1058 2100 1140 2155 κακὸν
1163 2098 1271 2177 λέγεται
1293 2099 1359 2154 εἶναι
1382 2101 1399 2168 ἡ

279 2195 396 2263 κάθοδος,
414 2197 502 2253 καίτοι
517 2195 570 2278 οὐχ
583 2187 677 2260 όπλῦις
691 2195 757 2254 ούσα
771 2198 865 2270 κακόν,
883 2198 955 2253 οὕτω
972 2195 1004 2268 δὴ
1021 2197 1064 2252 καί
1080 2198 1130 2265 τῆν
1146 2193 1205 2252 κατ’
1221 2195 1312 2252 ούσίαν
1330 2192 1401 2250 διαί-

280 2317 358 2375 ρεσιν,
373 2296 494 2352 τουτέστι
508 2299 557 2368 τὴν
574 2296 717 2374 ἑτερότητα
729 2299 780 2367 τήν
794 2296 861 2376 πρὸς
877 2297 925 2358 τὰς
941 2294 1025 2358 ἄλλας
1039 2296 1138 2375 ψυχας,
1151 2297 1202 2351 ὑπὸ
1213 2301 1263 2352 τοῦ
1276 2293 1401 2350 Διονύσου

280 2391 401 2451 λαθοῦσα
421 2397 466 2451 καὶ
488 2397 633 2466 ὑποστῦισα,
656 2395 698 2450 ἐπὶ
716 2393 799 2452 πλέον
819 2397 917 2466 έαυτῆν
937 2393 1033 2474 διαιρεῖ
1055 2395 1100 2450 καί
1118 2392 1299 2473 μερικωτέραν
1314 2399 1400 2466 ποιεῖ,

280 2491 346 2548 ὥστε
367 2493 465 2566 μηκέτι
485 2493 660 2556 καταπάσας
681 2493 766 2563 αὐτῆς
787 2495 834 2556 τὰς
855 2491 982 2567 δυνάμεις
1004 2491 1134 2571 ἐνεργεῖν·
1154 2492 1185 2546 τὸ
1206 2491 1271 2548 όλον
1291 2488 1337 2546 ούν
1356 2489 1402 2544 καίΙ

213 2593 247 2642 20
280 2589 372 2647 τέλεον
397 2590 506 2668 λέγεται
529 2592 590 2647 τότε
613 2592 684 2670 παρὰ
707 2598 755 2648 τοῦ
780 2591 908 2648 Διονύσου
938 2586 1098 2664 λαμόένειν,
1123 2590 1242 2646 τουτέστι
1268 2590 1315 2658 τὴν
1340 2587 1403 2643 κατ’

281 2687 372 2746 ούσίαν
386 2689 468 2760 αύτῆς
479 2688 600 2761 ὁλότητα
615 2685 820 2764 ἀπολαμύιίνειν
833 2690 880 2745 καί
895 2690 973 2768 ὑγιὴς
990 2688 1121 2767 γίνεσθαι.
1139 2689 1258 2762 Σῴζεται
1272 2685 1318 2744 ούν
1331 2689 1400 2760 ἡμῖν

281 2788 337 2861 ι’ίμα
355 2787 444 2844 καὶτὸ
459 2787 610 2867 διαιρέσεως
625 2788 693 2845 εἶναι
707 2791 790 2863 ἡμῶν
804 2789 851 2844 τόν
869 2788 933 2845 Βεὸν
949 2785 1098 2844 αἴτιονκαὶ
1115 2787 1145 2842 τὸ
1162 2784 1243 2849 όλους
1262 2784 1343 2841 πόλιν
1356 2783 1404 2839 καί

280 2885 387 2949 τελέους
400 2887 444 2942 καί
459 2884 631 2966 ὁλοκλήρους
645 2885 707 2966 παρ’
720 2886 802 2943 αύτοῦ
816 2885 946 2963 γίνεσθαι.

323 3036 359 3112 β’.
382 3035 425 3094 Ἥ
448 3059 480 3094 τε
504 3037 563 3117 γὰρ
586 3034 623 3106 δὴ
648 3037 680 3093 έν
705 3037 845 3118 Δέλροις
869 3037 1045 3118 προφῆτις]
1071 3035 1129 3094 244
1155 3035 1191 3094 Δ.

216 3185 247 3234 25
320 3179 471 3258 Τεσσόρων,
486 3180 524 3242 ὡς
540 3177 658 3259 είρηται,
674 3176 898 3258 παραδιδομένων
916 3178 1030 3235 ἐνταῦθα
1052 3182 1156 3252 μανιῶν
1170 3181 1223 3232 τῶν
1239 3175 1401 3254 κρειττόνων

280 3288 329 3350 τῆς
347 3279 531 3359 σωφροσύνης,
551 3279 660 3358 πρώτου
682 3277 819 3353 μέμνηται
835 3283 882 3334 τοῦ
902 3283 1085 3351 μαντικοῦ...,
1102 3273 1146 3331 διὰ
1164 3275 1193 3331 τό
1213 3273 1312 3354 ἐκφανῆ
1335 3274 1403 3330 αύτθ

282 3376 349 3434 εἶναι
370 3377 398 3434 ἐν
420 3375 540 3438 Ἑλλάδι,
563 3376 644 3454 λέγει
667 3375 695 3432 δέ
717 3376 806 3432 αὐτῶν
827 3381 870 3432 νῦν
889 3377 936 3438 τὰς
957 3372 1007 3440 έέω
1030 3374 1164 3454 ἐνεργείας
1184 3373 1200 3428 δι
1218 3379 1403 3452 περιποιοῦσιν

282 3475 369 3553 ἀγαθαὶ
388 3482 448 3538 τοῖς
467 3474 627 3554 ἀνθρώποις.
645 3510 683 3518 -
703 3475 768 3554 Περί
788 3473 816 3532 δέ
836 3481 882 3530 τοῦ
904 3473 1063 3530 Δωδωναίου
1082 3473 1207 3546 μαντείου
1226 3469 1339 3550 διάφορά
1355 3471 1406 3526 εἱσι

281 3574 314 3629 τὰ
334 3574 523 3653 ἱστορούμενα.
547 3573 621 3628 Ἔστι
643 3574 691 3648 μέν
711 3574 762 3652 γὰρ
783 3571 966 3629 παλαιότατον
987 3577 1040 3628 των
1062 3569 1232 3642 Ἑλληνικῶν
1255 3569 1402 3642 μαντείων·

220 3677 253 3726 30
285 3671 395 3750 λέγουσι
414 3670 442 3727 δὲ
462 3673 488 3728 οἳ
508 3673 556 3746 μέν
576 3671 616 3727 ότι
636 3669 698 3750 δρῦς
718 3673 751 3742 ἦν
770 3671 825 3728 ἐκεῖ
843 3674 861 3741 i,
884 3670 1063 3745 μαντεύουσιι,
1085 3671 1111 3725 οἳ
1133 3667 1161 3724 δὲ
1181 3669 1222 3724 ότι
1241 3667 1404 3746 περιστεραί.

168 3787 198 3832 ν·
218 3769 266 3819 109
282 3770 316 3826 Τὸ
331 3769 359 3826 δέ
373 3769 471 3841 ἀληθὲς
490 3769 494 3848 Ι
513 3769 559 3836 ότι,
569 3775 693 3846 γυναῖκες
710 3769 778 3836 ἦσαν
793 3769 888 3848 ἱέρειαι
904 3771 931 3824 αἱ
949 3769 1127 3843 μαντεύουσαι
1142 3765 1201 3844 δρυί
1215 3768 1264 3837 τὴν
1278 3763 1404 3846 κεφαλὴν

314 3985 345 4035 28
362 3985 424 4052 Περὶ
439 4011 469 4020 -
483 3985 523 4045 94,
538 3983 553 4032 i
572 3985 733 4041 Ἀπόλλωνος
746 4005 776 4024 =
788 3981 874 4032 schol.
890 3981 936 4030 244
950 3981 972 4030 Β
989 3985 1024 4044 (p.
1040 3980 1208 4041 τετελείωται
1224 3937 1228 3960 Ι

316 4103 377 4153 TIT
392 4102 424 4152 28
440 4105 553 4169 περὶτοῦ
570 4103 723 4153 Δωδωναίου
740 4105 856 4164 μαντείου
872 4101 892 4151 C
908 4101 966 4164 (qui
983 4101 1096 4164 μαντίου)

317 4214 363 4264 ΝΟ
384 4213 457 4272 izi<
476 4219 539 4263 ante
556 4211 693 4274 ἐπιστήμας
712 4223 767 4260 om.
786 4211 814 4259 M
879 4209 894 4258 2
915 4209 985 4260 ἅτινα
1003 4237 1035 4246 -
1053 4209 1232 4276 ὃθεωρήματα
1247 4221 1301 4257 om.
1319 4208 1346 4257 Μ

285 4286 314 4334 11
333 4287 424 4336 τέλειον
448 4285 476 4333 Μ
541 4279 686 4348 λεγόμενος]
706 4285 810 4348 λέγομεν
830 4283 857 4332 Μ
924 4281 953 4330 19
977 4279 1100 4332 ὥστεκαὶ
1121 4281 1149 4329 Μ
1214 4279 1246 4329 20
1266 4282 1359 4329 τέλειον
1380 4277 1407 4326 Μ

346 4358 376 4407 21
391 4359 518 4422 γίγνεσθαι
536 4357 561 4404 Μ
627 4355 658 4404 22
671 4357 699 4404 τό
709 4361 771 4404 anie
782 4357 927 4420 διαιρέσεως
938 4352 1051 4416 scripsi:
1066 4357 1110 4402 τοῦ
1123 4351 1186 4400 libri
1249 4353 1277 4400 τὸ
1293 4349 1388 4412 scripsi
1403 4362 1410 4397 1

285 4428 415 4486 roiziibri
479 4426 676 4484 θθτελείουςΜ
741 4425 930 4488 24ῆευθτ.Α
994 4425 1024 4473 25
1038 4423 1202 4490 τεττίρωνΜ
1266 4423 1297 4472 26
1312 4433 1412 4471 vocem

287 4499 349 4551 αὐτὰ
364 4500 431 4549 nihil
446 4507 487 4550 esi
506 4499 550 4548 cui
570 4499 695 4549 referas:
713 4497 811 4561 supple
827 4500 870 4547 καὶ
885 4499 955 4547 δυοῖν
973 4499 1093 4559 μαντείων
1113 4490 1263 4558 μνημονεύει
1279 4496 1323 4544 τοῦ
1341 4511 1366 4542 τε
1388 4496 1412 4542 έν

287 4573 389 4636 Δελφοῖς
407 4574 450 4622 καὶ
468 4575 512 4622 τοῦ
533 4572 686 4621 Δωδωναίου
704 4569 748 4619 vel
770 4569 871 4617 similia
934 4567 965 4616 28
984 4567 1010 4617 δὲ
1031 4580 1085 4616 om.
1108 4565 1193 4616 schol.
1258 4563 1289 4614 29
1312 4565 1364 4614 έστι
1383 4589 1413 4598 -

288 4647 406 4707 μαντείων
423 4656 477 4693 om.
493 4641 578 4691 schol.
643 4641 674 4690 30
691 4643 715 4691 οἳ
736 4639 788 4705 μέν]
803 4646 828 4690 οἰ
844 4640 886 4703 μὲν
902 4652 936 4690 ex
952 4641 967 4701 ἠ
984 4637 1026 4701 μέν
1041 4643 1069 4692 ei
1083 4642 1106 4688 οί
1120 4638 1145 4688 δέ
1160 4649 1195 4688 ex
1211 4637 1273 4699 ἠδέ,
1288 4641 1319 4686 ui
1334 4635 1413 4685 vide·

288 4721 340 4774 tur,
357 4717 380 4762 Α
396 4714 475 4777 prim.
492 4725 577 4763 manu
