3538 5686
446 599 501 649 ΕΙΣ
522 599 584 650 TON
605 599 781 650 ΠΛΛΤΩΝΟΣ
804 600 947 651 ΦΛΙΛΡΟΝ
970 599 1093 652 ΣΛΟΛΙΛ

139 758 181 824 171!
252 750 278 810 ι’.
295 757 399 824 <11ιῖις
414 750 510 829 λέγεις,
524 751 547 808 ὦ
564 751 681 830 βέλτιστε
697 753 889 834 Σώκρατες>]
906 753 963 813 227
981 751 1019 812 D.

248 885 282 940 T6
296 885 341 940 τὸν
356 882 475 963 Φαῖδρον
489 887 690 964 προσποιεῖσθαι
703 887 748 942 καίΙ
764 887 794 944 τὸ
810 886 857 942 τὸν
874 885 974 942 Λυσίαν
995 883 1178 942 δεινότατον
1198 883 1265 940 εἰναι
1282 885 1327 940 καί

210 981 240 1038 ἰν
261 981 371 1058 πολλῷ
392 982 501 1063 χρόνῳ
520 984 677 1064 γεγραρέναι
694 984 739 1040 τόν
758 983 849 1063 λόγον,
871 983 955 1041 πάντα
971 987 1053 1040 ταῦτα
1069 980 1147 1038 πόλιν
1165 989 1215 1054 τῆς
1232 978 1325 1062 τριὸῆς

209 1088 258 1151 τῆς
272 1083 331 1159 περὶ
342 1081 374 1138 τά
389 1079 466 1138 ἔνυλα
480 1083 524 1138 καί
538 1081 684 1164 μαινόμενα
698 1082 767 1140 καλά
781 1081 925 1140 ένδεικτικό
937 1082 1017 1154 ἔστιν,
1034 1083 1074 1138 ότι
1088 1080 1218 1146 έπίπονος
1232 1084 1250 1152 ἡ
1266 1083 1326 1162 περὶ

167 1187 179 1234 5
209 1185 289 1236 ταῦτα
304 1177 403 1260 σχολή.
418 1181 502 1237 -Τὸ
515 1178 543 1238 δὲ
565 1179 699 1254 ἰδιώτην
720 1183 758 1246 ώς
773 1183 839 1261 πρὸς
852 1183 897 1238 τὸν
911 1181 1010 1238 Λυσίαν
1024 1178 1141 1260 εἴρηται·
1154 1181 1198 1236 καί
1210 1178 1325 1238 καθόλου

209 1279 222 1334 6
239 1281 276 1352 μὴ
294 1279 416 1359 μετέχων
430 1282 589 1348 ἡστινοσοῦν
602 1281 703 1360 τέχνης
719 1277 826 1352 ἰδιώτης
841 1279 908 1336 έοτῖν
925 1281 964 1344 ὡς
979 1280 1045 1358 πρὸς
1061 1277 1177 1350 ἰκείνην.
1191 1313 1230 1323 -
1245 1277 1280 1334 Εῦ
1297 1277 1324 1336 δέ

209 1376 222 1432 6
240 1374 357 1454 Φαῖδρος
379 1381 425 1434 τοῦ
444 1376 471 1432 ἐν
489 1376 540 1452 ῦλη
561 1375 675 1443 κάλλους
696 1380 834 1457 ὑπερορῶν
853 1379 961 1434 καὶτοῦ
981 1376 1008 1434 έν
1028 1379 1146 1448 αἰσθήσει
1164 1377 1254 1456 (τοῦτο
1273 1377 1324 1456 γάρ

208 1475 333 1547 σημαίνει
347 1472 389 1530 διὰ
400 1481 447 1532 τοῦ
459 1474 607 1556 χρυσίον)
620 1477 664 1534 καί
676 1475 718 1533 έπί
729 1477 759 1532 τὸ
773 1476 801 1533 έν
812 1475 902 1554 λόγοις
917 1474 997 1532 καλὸν
1010 1475 1161 1557 ἀναχωρῶν
1174 1477 1217 1532 καί
1228 1475 1324 1533 τοῦτου

207 1571 275 1650 ἐρῶν
290 1573 305 1628 θ’
319 1572 388 1629 ἐστιν
400 1572 579 1653 ἀυλότερον...
824 1561 827 1568 ’

114 1739 195 1792 νυνι·
250 1732 622 1816 ιιήυοειιρηυιοι,

246 1879 280 1935 Τδ
301 1877 469 1953 δηλούμενον
490 1879 610 1936 τοιοῦτόν
632 1879 712 1950 ἐστιν,
736 1877 797 1950 ἤτοι
816 1879 856 1936 ότι
876 1881 890 1936 6
912 1879 1066 1954 ἐπιστήμων
1087 1881 1132 1936 καί
1151 1881 1201 1950 την
1220 1877 1322 1935 τελείαν

206 1975 279 2057 ἔχων
298 1973 352 2042 ’ἕξιν
374 1974 429 2034 οἰδε
447 1978 491 2033 καί
510 1977 558 2040 τάς
577 1975 679 2041 ἀτελεῖς
700 1970 782 2048 έξεις,
805 1978 902 2035 ὡσανεί
926 1976 1025 2055 ἔλεγεν·
1048 2001 1063 2032 ιι
1082 1979 1104 2034 εἰ
1123 1979 1173 2048 τὴν
1195 1979 1245 2048 οήν
1259 1971 1323 2042 ιέξιν

206 2075 312 2152 ἀγνοῶ
334 2075 388 2131 καί
412 2074 554 2149 ἐμαυτοῦ
579 2073 810 2150 ἐπιλέλησμαι·
837 2099 851 2128 υ
875 2076 964 2155 ὥσπερ
987 2077 1036 2154 γάρ
1060 2078 1074 2132 ό
1098 2075 1202 2148 ἀληθής
1229 2075 1321 2150 μάντις

206 2174 278 2230 οῦτοι
292 2173 336 2230 καί
351 2175 365 2230 θ
381 2171 537 2248 ἐπιστήμων
551 2174 610 2254 περὶ
623 2178 678 2230 τῶν
691 2171 779 2233 ἀλλων
794 2173 943 2254 ἀνθρώπων
957 2173 1010 2254 ἐρεῖ

150 2341 176 2390 15
503 2332 623 2398 ποίους
645 2331 681 2388 ἀν
705 2328 881 2414 φθέγξαιτο
904 2331 1022 2411 λόγους

204 2495 347 2578 χρυσίουέζ
365 2493 445 2552 ἀλλου
457 2496 527 2560 τινὸς
540 2496 663 2554 τοιοῦτον
678 2495 862 2575 προτεθέντος·
879 2497 896 2566 ἥ
914 2497 958 2552 καί
973 2495 1012 2552 ότι
1029 2498 1043 2552 6
1061 2495 1186 2575 ἐρωτικὸς
1206 2496 1257 2552 ἀπὸ
1275 2501 1322 2554 τοῦ

204 2595 366 2676 Ιοαινομένου
378 2593 492 2658 κιίλλους
506 2593 732 2670 ἀναπεμπόμενος
748 2591 789 2658 εἰς
802 2615 830 2650 τε
844 2595 937 2650 ἑαυτὸν
948 2595 993 2650 καί
1006 2594 1036 2649 τὸ
1048 2595 1156 2665 νοητόν,
1170 2594 1192 2650 εἰ
1208 2593 1319 2672 ἀγνοοίη

203 2691 233 2747 τὸ
253 2691 377 2764 αἰσθητὸν
395 2691 506 2766 κάλλος,
521 2691 570 2750 οιίκ
589 2691 620 2749 ἀν
640 2692 701 2750 οῦδί
715 2693 809 2748 ἑαυτοῦ
824 2691 1059 2766 ἀναμνησθήσεται
1077 2691 1138 2749 οὐδὲ
1156 2697 1203 2748 τοῦ
1223 2697 1321 2763 νοητοῦ

123 2806 144 2856 p.
156 2793 183 2846 72
203 2789 327 2862 κάλλους,
353 2789 420 2848 ἀλλά
441 2793 485 2848 καὶ
506 2792 599 2848 ἑαυτὸν
620 2792 664 2849 καί
685 2792 771 2849 έκεῖνο
791 2790 926 2867 ἀγνοήσει.
943 2825 982 2834 -
1000 2791 1035 2848 Τὸ
1053 2789 1058 2868 1
1076 2795 1140 2868 γοῦν
1162 2788 1241 2846 ἀλλά
1263 2791 1321 2868 γάρ

146 2901 174 2952 20
204 2887 356 2968 οῦδέτερά
380 2887 447 2946 ἐστι
468 2891 593 2948 τοῦτων
619 2889 676 2946 ἀντὶ
700 2895 747 2947 τοῦ
774 2915 788 2944 ιι
814 2888 874 2948 οὕτε
900 2911 928 2945 σε
956 2888 1064 2966 ἀγνοῶ
1092 2885 1153 2945 οῦτε
1178 2887 1321 2963 ἐμαυτοῦ

205 2986 432 3064 ἐπιλέλησμαι·
455 2988 515 3047 οἰδα
535 2989 585 3068 γάρ
603 2990 647 3044 καὶ
665 2990 697 3046 τά
720 2991 802 3070 μέτρα
822 2995 869 3046 τοῦ
891 2988 1052 3069 φαινομένου
1072 2986 1186 3051 κάλλους
1208 2989 1251 3044 καί
1271 2989 1320 3058 τήν

205 3087 340 3168 ὑπεροχὴν
363 3093 411 3144 τοῦ
433 3091 548 3168 ψυχικοῦ
569 3090 613 3144 καί
636 3093 735 3160 νοητοῦ
756 3085 881 3151 κόλλους.
907 3110 921 3140 ν
944 3087 1181 3165 Προσποιουμένου
1204 3082 1251 3141 οῦν
1273 3089 1320 3142 τοῦ

325 3231 332 3258 ,
356 3184 485 3260 ἐμμελῶς
504 3185 583 3242 αἰτόν
602 3187 616 3242 6
637 3185 783 3265 Σωκράτης
804 3184 907 3267 ἐλέγχει
924 3186 968 3241 καί
987 3183 1165 3262 ἀπλοίιστερον
1184 3184 1241 3239 ἀντὶ
1259 3205 1319 3240 ποι-

202 3283 345 3363 κιλωτέρου
359 3291 442 3344 ποιεῖ.
461 3284 495 3340 Τὸ
511 3282 556 3341 οῦν
569 3285 615 3342 τὸν
637 3285 782 3364 Σωκράτην
797 3285 959 3363 ἀποστρέψαι
978 3281 1117 3360 τὸνλόγον
1136 3283 1179 3338 καί
1195 3283 1233 3346 ὡς
1252 3282 1318 3360 πρὸς

160 3391 170 3402 ’
204 3385 242 3457 μί,
269 3382 386 3462 παρόντα
412 3380 574 3460 διαλέγεσθαι
599 3380 678 3454 δηλοῖ
703 3383 743 3439 ότι
767 3382 797 3438 οὐ
823 3380 977 3439 καθείλκετο
1005 3382 1055 3436 ὑπὸ
1081 3386 1128 3437 τοῦ
1157 3381 1318 3460 φαινομένου

201 3479 325 3552 κάλλους,
348 3478 405 3536 ἀλλ’
422 3479 483 3544 θλος
501 3481 535 3550 ἦν
553 3481 647 3536 ἑαυτοῦ
666 3482 710 3536 καί
728 3485 784 3536 τῶν
803 3480 911 3536 οἰκείων
925 3480 970 3534 καὶ
984 3483 1089 3550 νοητῶν
1103 3477 1197 3558 ἀρχῶν
1213 3478 1318 3558 εἷ’χετο,

203 3183 320 3264 Φαίδρου

203 3579 319 3658 ἀτρωτος
341 3579 391 3634 ὑπὸ
410 3585 457 3636 τοῦ
479 3580 605 3650 αἰσθητοῦ
625 3581 668 3636 καί
686 3585 733 3636 τοῦ
753 3578 779 3635 έν
793 3581 869 3659 σαρκί
881 3576 1008 3643 κάλλους.
1028 3610 1068 3620 -
1088 3575 1169 3632 Πόλιν
1188 3574 1259 3632 δὲτὸ
1280 3579 1317 3651 μέ,

202 3675 282 3743 ἀπαξ
301 3678 423 3750 ἀκοῦσαι,
440 3676 518 3734 ἀλλά
537 3679 589 3734 καί
610 3676 764 3742 πολλάκις
782 3679 827 3735 τὸν
846 3675 955 3756 ἄτρυτον
974 3677 1055 3734 πόνον
1071 3675 1116 3732 τάν
1133 3675 1193 3754 περὶ
1208 3675 1240 3730 τά
1257 3697 1319 3756 ραι-

201 3777 299 3850 νόμενα
313 3775 383 3834 καλά
397 3775 476 3847 δηλοῖ
490 3781 544 3832 τῶν
559 3776 719 3856 ἀνθρώπων.

231 3995 245 4043 3
261 3994 333 4047 πάλιν
349 3995 385 4046 οι.
403 3994 444 4058 17,
459 3995 490 4046 20
553 3996 583 4045 15
598 3996 690 4046 nescio
708 3995 783 4045 unde
798 3999 959 4059 excerptum

233 4109 277 4160 Nc
292 4109 305 4158 1
324 4108 428 4160 lemma
444 4109 534 4159 addidi
598 4111 657 4162 κιο
672 4112 747 4160 rubr.
764 4114 787 4159 Α
851 4113 878 4161 τό
895 4115 958 4160 rute
971 4112 1013 4162 τοι
1033 4113 1132 4164 Λυσίαν
1148 4121 1205 4158 om.
1226 4109 1252 4158 M

201 4181 215 4229 5
230 4182 326 4244 ἰδιώτην
342 4181 456 4244 scripsi:
476 4180 574 4246 ἰδιώτης
587 4182 650 4233 libri
712 4181 729 4232 8
743 4185 847 4250 χρυσίον
862 4183 958 4245 scripsi
973 4195 979 4232 :
995 4187 1100 4249 χρυσίου
1112 4180 1176 4232 libri
1238 4179 1253 4229 9
1267 4179 1317 4230 de-

202 4252 407 4316 suntquaedam
469 4247 664 4304 1003rubr.A
731 4253 758 4303 11
777 4253 881 4304 ὃτιοιο.
901 4254 929 4302 Μ
997 4255 1027 4303 12
1041 4255 1133 4305 ὡσανεὶ
1148 4251 1264 4315 scn'psi:
1283 4255 1317 4309 ὡς

202 4320 244 4373 οῦν
258 4325 278 4374 εἰ
292 4321 357 4374 libri
372 4322 430 4380 (sed
446 4323 491 4386 ΑΙ)
555 4325 598 4388 τὴν
614 4323 671 4389 τὴν]
686 4323 732 4388 σὴν
747 4323 834 4387 τὴνΜ
899 4325 930 4374 14
945 4326 1000 4390 περί
1015 4324 1124 4376 videtur
1136 4321 1316 4372 fuisseinstt

201 4394 331 4458 αοίίιμιίό
347 4393 438 4445 effecit
454 4395 535 4458 quale
554 4405 607 4453 πῶς
624 4397 673 4462 γὰρ
737 4396 766 4444 15
781 4394 821 4460 ἀι]
837 4394 867 4446 οῦ
884 4407 900 4444 a
962 4393 993 4445 16
1009 4398 1165 4461 προτεθέντος
1180 4407 1216 4444 ex
1230 4411 1317 4460 προτι-

202 4467 278 4524 θέντος
293 4467 325 4516 Α1
393 4467 518 4517 όοω.Μ
583 4467 613 4517 18
625 4467 671 4518 οῦκ
685 4465 725 4532 ἂν]
740 4466 790 4516 litt.
809 4467 839 4518 οῦ
854 4479 934 4516 evan.
945 4468 1013 4516 inA
1077 4465 1269 4528 ἑαυτοῦίαῦτοῦ
1287 4465 1315 4514 Μ

203 4534 425 4596 (jamoomxerrt
434 4537 500 4600 Asr)
565 4537 790 4602 ἁναμνησθήσεται]
800 4539 968 4601 ἀναμνησθείη
980 4538 1007 4587 Μ
1072 4535 1103 4586 20
1116 4555 1144 4588 σε
1156 4548 1181 4592 a.
1190 4535 1246 4598 jam
1254 4548 1316 4585 con·

202 4605 300 4666 jecem
314 4611 391 4656 Αετι
408 4625 454 4659 σου
468 4608 496 4658 Μ
510 4613 538 4658 οι
549 4615 579 4658 ιιι
597 4608 736 4658 ιιῖιίοιιιιΑ
800 4607 831 4658 22
844 4610 887 4659 καὶ
897 4613 941 4659 τοῦ
951 4611 1042 4672 νοητοῦ
1056 4608 1083 4657 Μ
1149 4601 1223 4657 23-24
1233 4627 1316 4659 ποικι-

203 4676 316 4744 λιοτίρου]
326 4682 371 4730 τοῦ
381 4681 558 4746 ποικιλώτερον
569 4680 612 4729 M:
626 4683 669 4731 τοῦ
683 4683 862 4748 ποικιλωτέρου
876 4682 932 4728 Αετ
994 4679 1025 4728 25
1040 4682 1154 4730 καθιίλκε
1164 4681 1191 4729 τὸ
1206 4678 1233 4728 Μ
1247 4679 1315 4741 (jam

204 4759 353 4800 correxerat
373 4752 440 4812 Αετ)
503 4749 534 4802 28
547 4754 589 4802 καὶ
604 4751 635 4800 ιο
640 4751 703 4813 jecit
717 4751 749 4800 Α1
765 4764 848 4815 supra
863 4751 975 4814 lineam,
991 4763 1045 4800 om.
1059 4750 1129 4801 Plan.
