3538 5686
429 583 460 636 12
809 575 949 628 ΕΡΜΕΙΟΥ
972 577 1168 630 ΦΙΛΟΣΟΦΟΥ

353 728 402 796 [δέ]
427 727 526 802 τήμας.
548 726 614 782 Εἰτα
635 725 677 784 ἐπί
689 723 727 807 ζτό
749 730 803 783 τῶν
823 723 977 804 έγκοσμίων
996 722 1074 783 θεῶν
1096 723 1123 783 ἐν
1142 730 1177 802 τῇ
1192 723 1353 802 παλινῳδία.
1374 727 1440 784 Εἰτα
1454 727 1495 784 ἐπὶ
1509 729 1539 786 τὸ

427 823 526 896 νοητόν
546 822 650 887 κάλλος
671 826 715 880 καὶ
737 822 820 894 αύτήν
841 822 893 892 τὴν
915 825 1009 901 πηγὴν
1033 828 1080 880 τού
1100 821 1188 881 καλοῦ
1208 825 1253 881 καὶ
1275 825 1322 882 τόν
1344 821 1415 882 θεὸν
1435 825 1540 904 Ἔρωτα

427 924 472 980 καί
500 921 565 979 αύτὸ
593 924 623 979 τό
644 921 740 982 καλόν.
765 919 845 980 Ὀθεν
870 922 953 980 πάλιν
977 923 1080 980 κάτεισι
1108 920 1151 980 διά
1174 931 1225 996 τῆς
1254 921 1417 1003 διαιρετικῆς
1444 925 1487 982 ἐπὶ
1510 926 1540 982 τό

428 1022 543 1102 ψυχικόν
556 1019 659 1087 κάλλος
676 1023 764 1080 καὶτὸ
783 1026 837 1078 τῶν
853 1022 954 1101 ἀρετῶν
975 1022 1020 1078 καί
1040 1021 1209 1097 ἐπιστημῶν.
1225 1021 1282 1080 Εἶτ’
1298 1021 1330 1080 αὗ
1344 1023 1427 1082 πάλιν
1449 1023 1490 1081 ἐπὶ
1510 1026 1540 1081 τό

383 1123 397 1172 5
430 1119 456 1177 ἐν
471 1126 528 1185 τοῖς
543 1119 637 1198 λόγοις
652 1119 748 1192 καλὸν,
762 1122 806 1177 καί
827 1120 954 1177 συνάπτει
973 1120 1106 1190 τελευτὴν
1124 1121 1208 1200 ἀρχῇ.
1225 1122 1275 1178 Καὶ
1295 1121 1435 1180 συνελόντι
1457 1123 1541 1180 εἰπεῖν

431 1217 470 1280 εἰς
494 1215 554 1296 τρία
577 1216 671 1291 τέμοις
696 1217 727 1274 θν
751 1218 801 1287 τήν
824 1223 912 1274 πάσαν
934 1223 982 1274 τού
1006 1214 1092 1296 λόγου
1111 1215 1230 1274 διάνοιαν
1248 1217 1292 1274 καὶ
1312 1218 1350 1283 εἰς
1367 1225 1441 1298 τρεῖς
1458 1219 1539 1286 ζωάς·

431 1313 472 1380 εἰς
499 1337 528 1372 τε
555 1318 604 1386 τὴν
626 1313 777 1372 άκόλαστον
798 1315 858 1386 ἥτις
880 1313 907 1372 ἐν
928 1321 967 1389 τῷ
990 1314 1067 1393 λόγῳ
1088 1319 1136 1372 τοῦ
1164 1316 1262 1373 Λυσίου
1291 1317 1395 1396 δρᾶται,
1424 1317 1469 1374 καὶ
1492 1317 1541 1388 τήν

429 1413 556 1494 σώφρονα
576 1413 635 1486 ἥτις
654 1413 681 1471 ἐν
702 1419 741 1488 τῷ
761 1414 862 1493 πρώτῳ
891 1411 967 1491 λόγῳ
995 1419 1043 1470 τοῦ
1072 1413 1230 1492 Σωκράτους
1258 1416 1363 1494 ὁρᾶται,
1383 1417 1429 1472 καί
1448 1414 1541 1494 τρίτην

430 1513 480 1583 τὴν
501 1509 593 1569 ἔνθουν
612 1512 674 1582 ἥτις
696 1512 723 1569 ἐν
745 1516 778 1588 τῇ
799 1509 952 1586 παλινῳδίᾳ
971 1513 1017 1568 καί
1036 1517 1075 1585 τῷ
1094 1511 1242 1586 τελευταίῳ
1267 1512 1344 1591 λόγῳ
1364 1517 1412 1569 τού
1435 1514 1542 1592 Σωκρά-

368 1611 399 1664 10
431 1633 493 1675 τους
509 1609 642 1690 ἐνορᾶται·
659 1611 795 1690 ἀνάλογον
818 1608 847 1667 δέ
866 1611 976 1674 ταύταις
994 1616 1052 1674 ταῖς
1077 1613 1160 1678 ζωαῖς
1176 1611 1274 1668 εἰσιτά
1289 1610 1402 1690 ἐρῶντα,
1418 1613 1543 1670 καὶκατὰ

431 1712 463 1767 τά
491 1709 594 1788 ἐρῶντα
617 1707 713 1774 λάθοις
736 1709 768 1767 άν
792 1710 835 1766 καί
859 1708 919 1775 τοὺς
942 1709 1044 1790 ἔρωτας
1069 1713 1114 1767 καί
1137 1711 1205 1768 ούτά
1225 1711 1379 1790 τάέραστά.
1396 1711 1432 1768 Ού
1452 1712 1543 1792 πόρρω

432 1806 477 1865 ούν
501 1804 622 1866 ἐόαλλον
639 1813 688 1864 τοῦ
713 1813 814 1864 σκοποῦ
843 1808 869 1864 οἰ
892 1809 951 1887 περὶ
974 1805 1073 1886 ἔρωτος
1096 1808 1217 1873 εἰπόντες
1242 1809 1310 1866 εἰναι
1333 1810 1380 1866 τόν
1404 1807 1544 1887 διάλογον,

432 1904 577 1984 ἐπειδήπερ
599 1906 613 1962 6
636 1903 705 1984 ἔρως
729 1907 798 1962 κατά
818 1907 869 1976 τὴν
891 1906 1026 1987 άναῳοράν
1048 1907 1098 1978 τὴν
1120 1907 1162 1964 ἐπὶ
1182 1908 1212 1964 τό
1234 1907 1345 1987 ἐραστὸν
1369 1909 1474 1986 ὁρᾶται.
1500 1908 1547 1964 Καὶ

433 2001 474 2060 δεῖ
504 2004 596 2078 μέντοι
622 2000 694 2077 μηδέ
718 2003 764 2067 τάς
790 2003 919 2081 σύνεγγυς
949 2001 1079 2084 διαφοράς
1104 2002 1256 2078 λανθάνειν,
1282 2005 1339 2062 ἐπεὶ
1361 2007 1406 2062 καί
1429 2005 1509 2068 αύτὸς
1531 2005 1546 2060 6

372 2098 402 2151 15
434 2101 549 2158 Πλάτων
564 2099 595 2157 ού
613 2101 660 2164 τάς
674 2100 806 2180 τυχούσας
821 2099 963 2180 διακρίσεις
976 2101 1077 2182 ἔρωτος
1091 2105 1136 2160 καὶ
1150 2103 1262 2183 ἐραστοῦ
1275 2101 1470 2182 παραδέδωκεν.
1487 2099 1547 2160 Ὀτι

341 2213 368 2264 p.
385 2199 417 2251 65
433 2198 461 2257 δέ
475 2198 524 2256 ούκ
537 2195 606 2256 ἐστιν
624 2198 628 2276 Ι
647 2197 756 2256 ἐνταῦθα
775 2201 789 2256 6
808 2201 1011 2278 προηγούμενος
1030 2203 1130 2266 σκοπός
1150 2199 1223 2284 [περὶ
1242 2198 1350 2282 ἔρωτος]
1370 2199 1463 2274 δῆλον·
1485 2199 1546 2258 οὔτε

432 2297 559 2378 γάρπερὶ
574 2296 665 2362 ούσίας
684 2297 763 2353 αύτοϋ
785 2295 845 2354 ούτε
866 2298 927 2378 περί
949 2297 1087 2374 δυνάμεως
1109 2297 1298 2379 παραδίδωσιν,
1322 2297 1395 2357 ἀλλά
1415 2299 1475 2379 περί
1496 2307 1546 2370 τῆς

433 2395 562 2475 ἐνεργείας
576 2395 657 2452 αὐτοῦ
674 2403 723 2467 τῆς
737 2395 774 2458 εἰς
795 2396 841 2452 τὸν
853 2395 955 2470 κόσμον
966 2397 1010 2452 καὶ
1025 2398 1071 2462 τάς
1083 2398 1171 2478 ψυχάς
1183 2395 1347 2475 διαλέγεται,
1366 2395 1407 2453 ότι
1418 2395 1450 2468 δὴ
1462 2397 1547 2452 πάντα

433 2493 525 2571 άνάγει
547 2493 589 2549 ἐπὶ
611 2494 641 2550 τό
656 2493 822 2574 ἐραστόνααί
843 2493 873 2548 τό
893 2491 995 2550 καλόν·
1012 2495 1034 2551 εἰ
1055 2493 1083 2551 δέ
1101 2516 1153 2551 που
1174 2496 1188 2550 6
1210 2493 1323 2552 Πλάτων
1343 2494 1549 2575 προηγούμενον

370 2589 402 2642 2⁰
432 2593 576 2672 <περί>
588 2613 658 2655 τινος
674 2590 757 2669 λόγον
770 2598 897 2665 ποιεῖται,
909 2593 970 2672 περί
984 2597 1064 2672 τριῶν
1077 2593 1178 2650 τούτων
1191 2591 1356 2672 διαλέγεται,
1369 2593 1429 2674 περὶ
1445 2592 1546 2667 οόσίας,

432 2691 492 2771 περὶ
507 2687 655 2764 δυνάμεως,
668 2691 728 2771 περὶ
742 2689 885 2770 ἐνεργείας·
898 2689 938 2747 διὸ
954 2691 980 2748 ἐν
992 2696 1031 2764 τῷ
1047 2693 1224 2767 Συμποσίῳ
1239 2690 1330 2763 ἐπειδὴ
1346 2691 1549 2771 προηγούμενος

432 2791 466 2860 ἦν
481 2788 536 2846 ἐκεῖ
549 2790 564 2844 6
578 2789 637 2869 περί
650 2787 729 2845 αὐτοῦ
745 2787 840 2866 λόγος,
851 2791 900 2860 τὴν
915 2789 1052 2864 μεσότητα
1066 2789 1146 2846 αύτοῶ
1160 2791 1206 2846 καί
1220 2792 1269 2861 τήν
1288 2789 1361 2857 τάξιν
1376 2787 1546 2870 παραδιδούς,

434 2886 548 2963 δαίμονα
567 2888 651 2964 μέγαν
670 2887 748 2943 αύτὸν
767 2886 909 2959 κέκληκεν,
931 2888 967 2951 ὡς
986 2887 1076 2946 δέοντα
1094 2892 1127 2946 τά
1145 2887 1255 2969 δεύτερα
1274 2895 1329 2954 τοῖς
1347 2888 1473 2970 πρώτοις.
1492 2887 1548 2944 Ἐν-

433 2987 518 3042 ταῦθα
535 2983 563 3041 δέ
577 2983 667 3056 ἐπειδὴ
682 2991 844 3064 προηγεῖται
859 2987 873 3042 6
887 2985 947 3064 περί
962 2991 1008 3042 τοῦ
1021 2986 1108 3044 καλοῦ
1124 2984 1220 3066 λόγος,
1238 2987 1275 3050 εἰς
1295 2989 1309 3044 6
1330 2989 1344 3044 6
1358 2986 1444 3066 Ἔρως
1463 2985 1549 3042 πάντα

372 3077 402 3130 25
434 3083 536 3162 ἀνάγει,
553 3079 621 3148 θεὸς
635 3083 871 3164 προσαγορεύεται,

474 3259 560 3317 Τάδε
581 3260 714 3340 πρόσωπα
735 3261 749 3316 6
770 3259 882 3331 Λυσίας,
907 3257 968 3330 ἤτοι
991 3262 1005 3317 6
1030 3260 1113 3339 λόγος
1139 3259 1231 3335 αύτού,
1253 3259 1299 3318 καί
1323 3261 1337 3316 6
1362 3257 1480 3339 Φαῖδρος
1503 3258 1549 3315 καὶ

438 3359 594 3440 Σωκράτης.
613 3357 724 3440 [Λυσίας
744 3359 791 3434 μέν
804 3360 848 3415 καὶ
862 3357 977 3439 Φαῖδρος
992 3359 1097 3439 ἐρασταί
1110 3357 1243 3432 άλληλων
1258 3361 1295 3424 ὡς
1308 3357 1476 3440 προείρηται·
1493 3359 1507 3414 6
1522 3356 1550 3414 δέ

438 3458 581 3539 Σωκράτης
599 3460 613 3515 6
633 3455 761 3533 κηδεμὼν
781 3461 835 3514 τῶν
855 3457 920 3514 νέων
938 3459 983 3514 καίΙ
1004 3463 1124 3538 προνοῶν
1143 3463 1190 3514 τοῦ
1209 3457 1327 3538 Φαίδρου
1347 3459 1392 3513 καί
1412 3455 1551 3533 ἐπανάγων

437 3557 516 3614 αὐτόν
539 3557 590 3614 άπθ
613 3561 660 3613 τοῦ
684 3554 842 3637 φαινομένου
865 3556 910 3611 καὶ
933 3555 1007 3620 ἐκτὸς
1031 3554 1117 3613 καλοῦ
1138 3561 1184 3612 τοῦ
1210 3555 1236 3613 ἐν
1257 3561 1314 3618 τοῖς
1340 3555 1434 3635 λόγοις
1459 3553 1501 3611 ἐπὶ
1520 3553 1549 3609 τό

375 3676 406 3727 30
437 3656 551 3737 ψυχικόν
564 3656 609 3710 καί
631 3653 683 3735 [τὸ]
702 3655 792 3734 νοερόν
810 3654 905 3712 καλόν.
928 3652 1035 3727 Ἐπειδὴ
1058 3653 1085 3710 δέ
1105 3676 1172 3720 τινες
1193 3655 1229 3719 ὡς
1249 3652 1395 3735 στομριύδη
1410 3651 1552 3730 τὸνλόγον

437 3754 580 3832 γ’,τιάσαντο
605 3750 648 3808 διά
670 3752 703 3807 τά
726 3751 752 3809 ἐν
775 3757 808 3828 τῇ
836 3749 984 3826 παλινῳδία
1008 3753 1144 3832 εἰρημένα,
1170 3753 1263 3832 ῥητέον
1291 3751 1332 3808 ότι
1357 3750 1464 3814 οἰκείως
1492 3755 1549 3812 τοῖς

438 3851 578 3933 πράγμασι
598 3851 643 3907 καὶ
664 3851 718 3914 τοὶς
739 3849 831 3929 λόγοις
853 3852 868 3906 6
891 3850 1035 3932 Σωκράτης
1055 3858 1167 3931 χρῆται·
1190 3849 1280 3922 ἐπειδὴ
1301 3851 1353 3929 γάρ
1370 3849 1431 3930 περὶ
1444 3849 1551 3929 ἀφανῶν

469 3996 499 4049 21
517 3992 716 4047 Conrio.202A
777 3991 807 4043 23
817 3995 922 4058 δαίμονα
937 3995 1013 4059 μέγαν
1038 3989 1107 4044 ibid.
1117 3991 1218 4044 1²6an
1280 3988 1552 4059 θῖπροείρηται11,04

501 4069 532 4119 30
548 4065 631 4130 ἐπειδὴ
646 4069 699 4118 κτλ.
714 4065 749 4115 οί.
765 4064 805 4124 10,
821 4065 851 4114 14

471 4167 587 4219 ΝΟῙτό
604 4178 661 4216 om.
679 4163 708 4213 M
773 4164 914 4228 ἐγκοσμέων
929 4161 1000 4225 θεῶν]
1015 4160 1078 4211 ίοτί.
1097 4163 1238 4227 ἐγκοομίων
1256 4161 1299 4211 καί
1314 4161 1385 4210 θείων
1400 4157 1462 4223 (nisi
1477 4157 1552 4208 vocis

440 4243 501 4291 θεων
517 4235 702 4288 nominativus
717 4247 771 4284 non
787 4233 823 4284 sit
837 4236 899 4292 θεός
915 4231 964 4282 sed
978 4235 1029 4294 θέα)
1093 4229 1295 4296 6τάμοιςάν]τέ
1269 4228 1455 4296 τμνοιάνΜτ
1469 4231 1552 4318 τέμνοι

441 4309 561 4372 <τις>
549 4329 579 4362 αν
592 4308 743 4371 νο1’τεμνοις
756 4304 786 4356 ἂν
797 4303 873 4368 conj.
889 4306 947 4354 Αετ
1010 4301 1040 4352 10
1054 4303 1177 4369 ἐνορᾶται]
1193 4305 1253 4367 όρεῖτ
1254 4320 1280 4352 αι
1295 4300 1323 4349 Μ
1387 4303 1430 4351 καί
1444 4301 1508 4352 κατά
1521 4319 1552 4351 τα

360 4418 363 4426 ,
440 4386 534 4449 ἐρῶντα
548 4394 605 4431 om.
624 4379 653 4428 M
717 4375 747 4427 14
762 4373 824 4440 ἐπεί]
839 4372 923 4438 ἐπειδὴ
939 4375 967 4424 Μ
1033 4373 1061 4423 16
1081 4375 1136 4439 περί
1157 4375 1247 4439 ἔρωτος
1261 4371 1362 4424 seclusi
1425 4371 1455 4421 18
1473 4368 1502 4434 66
1518 4383 1552 4422 ex

441 4455 467 4506 δὲ
481 4457 504 4503 Α
568 4451 599 4503 19
613 4447 737 4514 ἁνάγιι]“
726 4445 823 4520 ανάγκη
838 4445 888 4496 CM
915 4444 979 4508 iiam
1002 4449 1156 4494 correxerat
1179 4447 1246 4504 Αετί
1268 4443 1306 4494 οῖ.
1331 4443 1361 4493 25
1425 4437 1553 4509 προηγού-

443 4523 544 4590 μενοςῦ
607 4521 709 4587 θΟπερί
723 4503 818 4568 addidi
878 4521 985 4568 ποιεῖται
1000 4528 1113 4578 scnpsr
1129 4521 1225 4566 ποιοῖτο
1241 4514 1303 4564 libri
1364 4513 1394 4564 27
1412 4515 1553 4572 λυσίας-

440 4595 480 4658 13,
495 4595 599 4646 >emim
614 4589 806 4642 haeoommae
822 4586 1040 4652 praeoedentibus
1053 4586 1183 4649 repetita
1198 4585 1329 4651 ἐπανάγων
1343 4589 1396 4637 κτλ.
1412 4584 1553 4645 c1.10,12;

442 4667 528 4735 ρητεον
541 4668 594 4715 κτλ
612 4662 646 4714 01.
660 4659 756 4722 10,14;
772 4661 873 4724 ἀφανῶν
887 4662 939 4710 κτλ.
953 4658 988 4709 ci.
1002 4657 1041 4717 10,
1055 4657 1086 4707 20
1148 4657 1179 4707 28
1194 4655 1359 4721 κηδαίμωνΰ
1422 4655 1487 4706 30
1465 4675 1494 4706 το
1509 4668 1553 4705 se·

441 4736 510 4790 clusi
527 4749 562 4786 ex
574 4735 613 4794 10,
625 4733 654 4785 13
717 4731 746 4782 31
759 4728 929 4803 ᾐτιάσαντο]
917 4729 1040 4802 ητήοαντο
1051 4728 1101 4780 CM
1116 4727 1183 4790 (jam
1194 4732 1351 4780 correxerat
1362 4727 1429 4791 Αετ]
