3660 5686
379 587 412 637 76
753 578 894 630 ΕΡΜΕΙΟΥ
915 578 1112 630 ΦΙΛΟΣΟΦΟΥ

299 742 348 810 [99]
382 733 490 808 Ῥητέον
512 733 559 791 οὖν
578 733 619 792 ότι
640 733 773 814 πρόσωπα
793 735 842 810 μἐν
864 735 977 793 ἐνταῦθα
998 736 1012 791 ό
1035 735 1151 793 Πλάτων
1174 735 1205 792 οὐ
1224 745 1422 816 προσποιεῖται,
1444 740 1504 800 οόδί

380 838 436 891 τῶν
451 831 554 914 ἀνδρῶν
569 833 649 915 χάριν
663 838 747 891 ταῦτα
760 828 970 913 παραλαμόάντι
981 832 1027 890 ἰνα
1042 825 1118 909 δείξη
1136 834 1305 916 Στησίχορον
1321 838 1370 912 μέν
1385 838 1504 918 Ὀμήρου

384 929 522 1009 βελτίονα,
543 932 590 988 τόν
609 930 637 988 δί
656 931 788 1010 Σωκράτη
809 930 980 1011 ἀμροτέρων·
1003 933 1074 988 οὕτω
1093 933 1145 1011 γάρ
1161 930 1235 990 δοκεῖ
1250 931 1400 994 δείκνυσθαι
1415 935 1450 994 δι’
1465 941 1504 996 ὢν

376 1027 507 1116 1Ὀμηρυς
535 1029 584 1104 μὶν
612 1025 674 1086 οόδε
699 1025 797 1105 ᾔσθετο
823 1024 947 1106 βλαόεὲς,
972 1031 986 1086 ὁ
1010 1027 1039 1086 δέ
1063 1029 1234 1111 Στησίχορος
1265 1033 1426 1108 αἰσθόμενος
1453 1043 1503 1106 τῆς

337 1137 352 1186 5
385 1123 494 1205 βλάθης
511 1127 615 1199 ἰάσατο,
629 1129 644 1184 ό
658 1125 687 1184 δί
703 1129 849 1207 Σωκράτης
865 1129 925 1206 πρὶν
942 1120 1081 1205 βλαθῆναι
1096 1129 1200 1189 ἰάσατο.
1218 1129 1254 1186 Οό
1268 1137 1324 1188 τῶν
1340 1131 1442 1211 ἀνδρῶν
1458 1132 1505 1192 οὖν
1532 1166 1535 1182 1

384 1225 463 1315 χάριν
481 1231 566 1284 ταῦτα
584 1221 804 1304 παραλαμόάνει,
826 1223 899 1282 ἀλλά
915 1233 984 1306 τρεῖς
1002 1223 1069 1292 έξεις
1089 1227 1183 1291 ἀπλὼς
1198 1227 1311 1285 ἐνταῦθα
1325 1229 1502 1310 παραδίδωσι·

384 1326 435 1396 τὴν
447 1325 495 1398 μέν
506 1330 545 1398 τῷ
556 1323 678 1397 αἰσθητῷ
691 1323 789 1382 κάλλει
801 1325 893 1402 (τοῦτο
903 1325 958 1402 ,γάρ
968 1322 1051 1396 δηλοῖ
1065 1328 1083 1395 ἡ
1095 1321 1188 1396 Ἑλένη
1202 1327 1300 1402 [οὕτως
1314 1327 1361 1384 οὖν
1376 1334 1506 1410 προσχεῖν

384 1426 423 1496 τῷ
439 1421 558 1496 αἰσθητῷ
571 1419 694 1500 amum
710 1423 748 1486 ὡς
765 1427 804 1496 τῷ
823 1421 943 1498 ἀληθινῷ
960 1423 1004 1479 καί
1018 1421 1119 1500 πρώτῳ
1134 1420 1191 1478 ’όντι
1206 1421 1305 1481 κάλλει
1320 1427 1507 1507 προσέχουσαν

378 1519 429 1604 καί
446 1521 485 1594 μὴ
506 1518 686 1578 ἀνανεόουσαν
701 1519 747 1576 ἀπ’
761 1519 853 1591 αὐτοῦ,
870 1518 935 1578 ἀλλ’
950 1519 977 1576 ἐν
993 1518 1064 1597 αὐτῷ
1080 1520 1308 1601 ἀπυτυρλωθέντα
1327 1523 1372 1578 καὶ
1390 1523 1522 1598 ἀπομεί-·
1539 1571 1543 1575 .
1568 1571 1571 1578 ι

323 1637 355 1686 10
386 1638 478 1688 ναντα,
497 1619 566 1676 κατά
585 1619 631 1676 τόν
653 1618 820 1693 μολυνθίντα
841 1619 895 1693 μέν,
908 1620 952 1675 καὶ
973 1613 1122 1695 βλαόέντα,
1145 1621 1184 1694 μέ,
1205 1620 1400 1694 αἰσθανόμενον
1420 1619 1459 1692 δέ,
1476 1623 1507 1678 οὗ
1533 1637 1558 1670 ι·

378 1713 509 1810 Ι’Όμηρος
525 1715 709 1796 παράδειγμα·
725 1717 776 1786 την
791 1714 902 1788 <δέ>
920 1714 1045 1795 δευτέραν
1057 1714 1110 1783 έξιν
1125 1723 1233 1795 πρῶτον
1250 1719 1298 1793 μέν
1311 1719 1357 1775 καί
1374 1715 1400 1785 έξ
1422 1718 1509 1798 ἀρχῆς

378 1819 423 1892 τῷ
443 1815 563 1893 αἰσθητῷ
584 1814 684 1872 κάλλει
707 1816 747 1878 ὡς
766 1821 803 1892 τῷ
821 1815 923 1894 πρώτῳ
943 1811 1043 1871 κάλλει
1064 1815 1109 1871 καί
1132 1813 1297 1880 όντωςτόντι
1317 1817 1507 1886 πιστεύσασαν,

389 1913 500 1993 ὕστερον
516 1912 545 1971 δί
559 1913 776 1989 ἀναμνησθεῖσαν
790 1913 912 1972 ἐντεῦθεν
927 1914 972 1983 καί
989 1912 1032 1970 έπί
1047 1915 1078 1969 τό
1094 1914 1193 1985 νοητὸν
1208 1915 1427 1995 ἀναπτμιρθεῑσαν
1443 1913 1509 1972 κάλ-

389 2011 438 2077 λος
458 2011 511 2091 [διὸ
529 2015 574 2070 καὶ
592 2008 768 2094 ἀναθλέψαι],
785 2014 852 2069 κατά
871 2013 916 2069 τόν
934 2011 1102 2088 μολυνθέντα
1120 2013 1168 2087 μὲν
1188 2013 1233 2069 καί
1251 2010 1399 2091 βλαθέντα,
1420 2014 1509 2070 αἰσθό-

326 2125 357 2176 15
390 2134 471 2188 μανον
488 2111 580 2187 μέντοι
593 2113 638 2168 καί
653 2112 809 2187 ἰασάμενον,
825 2115 860 2183 ἧς
876 2113 890 2167 ό
907 2112 1073 2192 Στησίχορος
1087 2111 1167 2168 εἰκὼν
1182 2109 1301 2191 ἐλήφθη·
1312 2113 1406 2192 τρίτην
1418 2111 1445 2168 δέ
1459 2114 1510 2182 τὴν

389 2205 499 2283 ἀθλαόῆ
513 2211 561 2286 μέν
574 2207 729 2281 παντελῶς,
743 2210 772 2266 ἐκ
789 2211 919 2290 βραχείας
928 2208 956 2266 δέ
968 2210 1144 2284 ἀναμνήσεως
1157 2212 1203 2266 καὶ
1213 2209 1376 2291 ριλοσυρίας
1392 2211 1511 2288 ἑκατέρῳ

388 2309 434 2367 καί
448 2314 486 2390 τῷ
501 2309 620 2387 αἰσθητῷ
639 2308 685 2365 καί
703 2313 741 2386 τῷ
756 2313 844 2386 νοητῷ
859 2307 958 2366 κάλλει
972 2309 1003 2364 τὸ
1016 2307 1170 2389 πρόσφορον
1187 2309 1283 2388 μέτρον
1299 2304 1511 2377 ὲπιθάλλουσαν,

389 2407 459 2466 κατά
477 2408 524 2464 τόν
539 2405 708 2482 μολυνθέντα
724 2407 783 2481 μὶν,
800 2407 862 2485 πρὶν
878 2404 907 2462 δὲ
923 2402 1062 2484 βλαθῆναι
1076 2407 1184 2487 ταχέως
1202 2407 1358 2482 ἰασάμενον,
1373 2411 1408 2478 ης
1422 2408 1436 2463 ό
1452 2412 1512 2462 Σω-

389 2508 491 2588 κράτης
507 2503 649 2584 ἔνδειγμα.
665 2507 713 2562 Καὶ
728 2505 758 2563 οό
774 2503 861 2577 δήπου
877 2505 971 2562 ἑαυτὸν
984 2504 1140 2581 βοόλεταιό
1155 2506 1304 2583 Σωκράτης
1314 2506 1360 2562 καί
1376 2504 1512 2584 Στησιχό-

328 2616 359 2667 w
391 2628 438 2685 ρον
452 2607 497 2662 καὶ
511 2605 630 2686 Ὀμήρου
645 2603 788 2684 ὑπέρτερον
807 2602 902 2672 δεῖξαι,
923 2602 998 2662 ἀλλά
1016 2609 1071 2659 τῶν
1090 2599 1173 2669 έξεων
1191 2601 1270 2660 ἕνεκα
1289 2609 1344 2660 τῶν
1363 2603 1513 2682 εἰρημένων

391 2711 450 2769 ταῖς
466 2703 597 2784 ἰστορίαις
611 2703 719 2766 ταόταις
735 2701 931 2784 ἀποκέχρηται.
953 2702 1026 2758 Κατά
1046 2703 1095 2775 μέν
1115 2700 1161 2758 οὖν
1179 2702 1282 2773 ταότην
1300 2705 1352 2772 τήν
1371 2698 1515 2768 ἀνάπτυξιν

390 2805 437 2863 καί
446 2801 506 2862 κατ’
517 2801 582 2860 αὐτὸ
592 2803 623 2859 τό
634 2801 797 2882 μαινόμενον
807 2809 857 2873 τῆς
868 2800 989 2880 ἰστορίας
1003 2801 1049 2858 καί
1064 2801 1111 2866 τάς
1127 2800 1304 2866 Πλατωνικάς
1318 2797 1387 2869 ἕξεις
1402 2798 1514 2858 καταδτ·

393 2905 502 2983 ἰστερος
518 2902 568 2978 μέν
583 2901 651 2958 ἔστιν
665 2898 804 2979 Ὄμηρος,
825 2901 966 2979 ὑπέρτερος
985 2896 1013 2956 δέ
1033 2901 1047 2955 ό
1068 2900 1252 2981 Στησίχορος,
1268 2899 1377 2956 πάντων
1391 2897 1419 2956 δὲ
1434 2901 1514 2977 ὑπερ-

394 3004 467 3085 έχων
482 3003 497 3058 ὁ
515 3000 672 3080 Σωκράτης.
688 2999 804 3056 Δυνατδν
819 2998 847 3056 δέ
862 2998 958 3078 ἑτέρως
972 2999 1023 3069 τὴν
1036 2993 1179 3064 ἀνάπτυξιν
1193 2998 1377 3073 ποιησάμενον
1390 2998 1451 3077 περὶ
1465 3005 1516 3069 τῆς

289 3108 377 3160 Mor·
392 3100 562 3182 τυρλότητυς
576 3098 710 3157 ἀνάπαλιν
724 3099 775 3169 τήν
785 3093 859 3165 τάξιν
869 3103 923 3154 τῶν
937 3095 1041 3177 ἀνδρῶν
1053 3093 1149 3170 δεῖξαι,
1160 3097 1306 3176 ὑπέρτερον
1318 3097 1367 3172 μίν
1386 3096 1390 3175 Ι
1408 3097 1516 3153 πάντων

386 3200 439 3268 Ιτόν
454 3195 579 3277 Ὅμηρον
598 3199 740 3277 όρειμένον
758 3195 786 3254 δὲ
804 3197 849 3253 τόν
870 3195 1051 3277 Στησίχορον,
1070 3193 1281 3275 καταδεέστερον
1300 3193 1328 3252 δέ
1347 3195 1455 3251 πάντων
1469 3194 1516 3250 τόν

386 3297 552 3376 Σωκράτην.
575 3297 624 3354 Καὶ
645 3297 695 3376 γάρ
715 3298 760 3353 καί
781 3297 909 3373 περὶτοῦ
931 3293 1084 3374 Θαμύριδος
1110 3292 1234 3373 λέγουσιν
1256 3294 1298 3350 ότι
1320 3295 1517 3364 συναντήσασαι

396 3394 466 3473 αὐτῷ
481 3397 508 3452 αἰ
524 3399 628 3452 Μοῦσαι
641 3392 743 3474 τυρλὸν
757 3391 860 3463 ἔθεσαν,
877 3393 998 3450 τουτέστι
1017 3401 1069 3464 τῆς
1085 3393 1134 3468 μέν
1151 3393 1282 3463 αἰσθητῆς
1301 3393 1346 3446 καί
1365 3386 1417 3456 έξω
1437 3411 1517 3447 τιτα-

290 3501 375 3568 p.100
397 3495 481 3570 μένης
498 3491 588 3568 ὅψεως
604 3493 685 3551 αὑτὸν
700 3489 815 3550 ἐ’παυσαν
829 3493 874 3548 καὶ
889 3496 936 3548 τοῦ
951 3492 982 3548 τό
998 3491 1123 3562 αἰσθητόν
1140 3489 1257 3566 κάλΙλος
1275 3490 1414 3564 ἀνυμνεῖν,
1432 3488 1469 3551 εἰς
1490 3485 1519 3572 δῖε

337 3591 368 3642 ³⁰
398 3595 428 3650 τό
448 3593 546 3666 νοητόν
565 3593 610 3649 καί
628 3594 678 3662 τήν
698 3591 783 3671 ἀρανῆ
805 3590 959 3646 οὐσίανκαὶ
978 3591 1008 3646 τό
1028 3587 1110 3653 όντως
1124 3589 1155 3646 δν
1175 3586 1280 3652 κάλλος
1299 3587 1380 3644 αἰτοῦ
1394 3587 1425 3642 τό
1441 3585 1519 3661 όμμα

396 3693 574 3771 περιήγαγον.
599 3687 686 3761 Δηλοῖ
707 3686 754 3746 οὗν
777 3687 818 3744 ότι
837 3685 959 3766 ’Όμηρος
982 3687 1030 3763 μἐν
1051 3681 1151 3768 τυρλός
1172 3686 1323 3761 ἀπομείνας
1342 3683 1463 3760 ἐνέμεινε
1485 3687 1519 3759 τῇ

430 3903 460 3954 27
477 3907 541 3956 anto
554 3914 651 3954 omnes
672 3902 750 3954 Ηοιι.
771 3902 793 3954 Β
813 3901 859 3952 594
876 3913 935 3966 sqq.

432 4020 722 4090 ΝΟθΣίωκράτηνΜΧ
769 4023 799 4073 δι’
810 4015 854 4086 ὧν]
865 4019 946 4072 διὀΜ
1010 4015 1295 4084 4βλαθείς]βλάθηςΜ
1361 4011 1520 4077 αἰσθόμενος]

401 4099 579 4160 αἰσθανόμενος
592 4093 619 4144 Μ
684 4096 698 4144 5
713 4094 739 4146 δέ
752 4107 806 4143 οια.
823 4092 852 4142 M
917 4091 931 4140 7
947 4095 1069 4157 προσχεῖν
1084 4088 1141 4152 jam
1155 4087 1264 4138 delebat
1277 4090 1344 4146 Αετ,
1362 4097 1414 4148 ego
1430 4088 1522 4134 cetera

401 4169 502 4222 seclusi
564 4167 581 4216 9
604 4165 668 4218 lieet
692 4178 780 4230 genus
804 4164 872 4214 mire
892 4167 1023 4222 mutetur,
1048 4160 1115 4211 nihil
1141 4159 1336 4222 corrigendum
1360 4167 1462 4205 censeo

402 4244 431 4292 11
447 4241 473 4294 δί
487 4238 579 4292 addidi
642 4239 672 4289 12
686 4246 721 4306 τῷ
732 4246 794 4286 ante
804 4234 895 4303 πρώτῳ
908 4233 1002 4284 om.M
1068 4232 1097 4281 14
1113 4231 1346 4294 διθ-άναθλέψαι
1359 4225 1460 4276 seclusi

393 4314 434 4364 ’19
453 4313 482 4365 οὐ
499 4309 590 4376 δήπυυί
607 4311 665 4362 οὐδέ
683 4327 732 4360 που
753 4308 781 4357 Μ
845 4306 875 4356 21
900 4313 960 4369 post
980 4303 1114 4361 ἀνάπτυξιν
1137 4301 1188 4351 ΕΜ
1209 4299 1273 4349 add.
1293 4295 1464 4360 ποιησάμενον
1485 4296 1523 4360 (ἢν

403 4384 557 4448 ἐποιήσαμεν
572 4383 638 4446 AsT)
653 4383 709 4448 περὶ
722 4387 765 4443 τῆς
780 4377 929 4442 τυρλόισιως
945 4375 1102 4440 (τυφλότητος
1117 4373 1147 4436 Ε)
1162 4389 1168 4423 :
1184 4373 1219 4422 οἰ.
1235 4373 1265 4421 24
1329 4369 1359 4418 22
1378 4369 1432 4419 κατ’
1453 4367 1523 4432 αὐτὸ]

403 4455 468 4506 κατά
484 4455 512 4504 Μ
576 4455 607 4504 25
623 4455 756 4518 ὑπέρτερον
769 4450 795 4501 δέ
808 4449 851 4513 μέν
868 4449 895 4498 Μ
960 4448 991 4496 26
1005 4447 1032 4497 δέ
1046 4453 1110 4495 ante
1124 4441 1234 4507 πάντων]
1251 4442 1294 4506 μέν
1310 4441 1336 4490 Μ
1401 4439 1432 4488 29
1447 4440 1524 4490 ἀπαυ-

406 4527 462 4587 σανί
480 4529 600 4588 έποίησαν
615 4524 642 4573 Μ
658 4537 664 4571 :
679 4524 824 4584 ἀπέστησαν
837 4521 895 4569 Αυτ
957 4521 1001 4568 τοῦ
1016 4515 1054 4581 τό]
1064 4519 1137 4566 τοῦτο
1150 4516 1178 4564 Μ
1195 4513 1217 4578 (π
1233 4512 1272 4560 ad
1289 4509 1372 4559 cerba
1384 4512 1457 4561 τοῦτο
1470 4514 1525 4560 κτλ.

406 4595 530 4660 ιἠθσίἰίρσ
545 4600 614 4646 τοῦ»
633 4594 700 4656 Αυτ)
717 4607 724 4643 2
743 4593 771 4643 τό
785 4594 858 4642 τοῦτο
875 4590 895 4640 F
958 4589 989 4639 θΟ
1008 4585 1094 4652 ὅντως]
1114 4584 1265 4644 οὕτωςἙΜ
1286 4582 1351 4644 (jam
1371 4589 1527 4631 correxerat

406 4671 474 4728 Αεέ)
538 4661 980 4722 αὺτοῦ-77,2αάλλοςοω.Μ.
1027 4657 1205 4722 όμμσίόνομα
1224 4655 1271 4705 ΟΕ
1335 4653 1363 4702 31
1382 4653 1418 4702 ὅτι
1434 4652 1525 4701 0111.ἰί

409 4741 452 4804 μέν
467 4752 521 4789 om.
537 4737 581 4787 (ΣΕ
644 4734 762 4799 ἐνέμεινε]
779 4731 932 4796 άνέμιινιΕ
1212 4770 1215 4778 ,
1389 4751 1392 4762 .
