3538 5686
399 553 430 606 ιι
782 551 923 602 emmor
940 512 1136 602 ύωοεοοοι·

325 703 375 770 [65)
397 703 486 778 166²ss-
503 735 542 748 -
555 704 590 760 Τδ
605 701 633 760 δέ
646 704 833 783 πορεύομαι
851 698 911 770 έξω
930 704 1068 786 τείχους
1087 705 1167 784 πρὸς
1182 704 1363 784 πιρίιιατον
1376 701 1458 776 δηλοῖ
1472 703 1515 761 δτι

397 803 463 884 πρὸς
475 803 614 882 κρείττονά
627 823 685 858 τινα
698 804 743 859 καί
758 803 902 882 ὑπερτέραν
924 805 995 874 ζωὴν
1020 800 1117 878 μέλλει
1139 802 1203 858 ἱέναι
1221 804 1265 858 καί
1287 805 1343 860 οἷον
1363 803 1435 881 παρά
1453 802 1515 866 τοῦς

397 898 530 962 πολλούς·
547 899 577 955 τὸ
592 901 643 980 γάρ
659 899 721 956 αὐτὸ
735 899 801 980 πρὸς
812 897 925 980 διάφορα
936 901 1083 981 πράγματα
1097 901 1141 958 καὶ
1153 903 1222 958 κατά
1233 898 1374 982 διαφόρους
1388 895 1516 962 έπιύολάς

399 995 507 1056 δύναται
526 999 570 1055 καί
591 999 627 1062 ὡς
646 1004 769 1078 κρεῖττον
788 993 974 1074 λαμύάνεσθαι
994 1000 1039 1056 καί
1060 1001 1098 1063 ὡς
1113 1005 1220 1080 χεῖρον·
1237 1001 1295 1056 οἷον
1309 1000 1338 1055 τδ
1358 999 1455 1058 λευκδν
1470 997 1515 1054 ἰάν

352 1097 367 1147 5
398 1097 520 1174 σημαίνη
535 1100 603 1172 ἡμῖν
618 1097 648 1153 τὸ
670 1097 748 1178 σαφές
768 1099 850 1172 τῦτῇ
876 1099 997 1170 αἰσθήσει
1019 1096 1125 1169 ληπτὸν
1145 1099 1190 1154 καί
1214 1095 1364 1176 εὔγνωστον
1385 1097 1463 1168 πάνυ,
1484 1096 1515 1152 τδ

399 1197 485 1272 μέλαν
505 1197 633 1273 σημαίνοι
653 1195 684 1253 δν
703 1198 733 1253 τὸ
752 1197 863 1278 ἀσαφές,
885 1197 916 1253 τῦ
937 1203 1056 1276 κρεῖττον
1074 1203 1123 1266 τῆς
1147 1197 1303 1268 αἰσθητικῆς
1325 1195 1466 1274 γνώσεως,
1485 1194 1515 1250 τῦ

401 1293 468 1371 βαθύ
483 1295 527 1353 καὶ
543 1295 636 1366 νοήσει
652 1294 722 1372 μόνη
739 1293 855 1366 ληπτόν·
873 1295 917 1352 ἐὰν
939 1293 968 1352 δέ
982 1295 1012 1351 τὸ
1033 1292 1118 1370 μέλαν
1139 1293 1262 1370 σημαίνῃ
1276 1295 1306 1351 τὸ
1323 1294 1458 1351 σκοτεινὸν
1472 1294 1518 1348 καὶ

400 1395 601 1474 συγκεχυμένον
615 1394 661 1450 καί
679 1394 777 1474 ἀσαφὲς
799 1394 848 1466 (ὡς
861 1399 957 1474 χεῖρον
973 1399 1021 1450 τοῦ
1036 1394 1161 1474 σαφοῦς),
1181 1393 1244 1450 τότε
1265 1394 1295 1450 τῦ
1317 1391 1413 1450 λευκὸν
1435 1390 1517 1464 δηλοῖ

398 1491 428 1548 τὸ
443 1493 524 1572 σαφἐς
543 1493 588 1548 καί
609 1491 743 1572 γνώριμον
762 1495 808 1548 καί
828 1493 858 1548 τὸ
878 1493 961 1573 φανὸν
982 1497 1030 1548 τοῦ
1049 1497 1095 1548 νοῦ
1117 1493 1160 1548 καί
1182 1490 1287 1556 διειδές.
1310 1493 1361 1548 Καὶ
1379 1491 1466 1548 τοίνυν
1487 1489 1517 1545 τῦ

336 1584 368 1637 1⁰
400 1587 464 1648 άστυ
478 1591 522 1646 καί
536 1593 554 1661 ἡ
573 1590 662 1662 πόλις,
680 1589 771 1661 ἐπειδὴ
788 1592 814 1647 οί
828 1587 929 1648 πολλοί
946 1590 974 1648 έν
995 1590 1062 1666 αὐτῇ
1077 1589 1296 1671 ἀναστρέφονται,
1313 1587 1399 1661 δῆλον
1413 1587 1456 1646 ἰπὶ
1470 1591 1517 1644 τοῦ

400 1689 517 1769 Φαίδρου
537 1689 567 1746 τδ
587 1689 774 1769 πορεύομαι
795 1686 855 1756 έξω
876 1689 1013 1771 τείχους
1031 1688 1096 1770 (ἀντὶ
1110 1695 1168 1746 τοῦ·
1188 1688 1263 1754 έκτθς
1280 1693 1335 1745 τῶν
1347 1685 1461 1744 πολλῶν
1473 1687 1519 1743 καὶ

399 1795 447 1859 τῆς
461 1785 624 1867 λεωφόρου),
647 1789 779 1844 τουτέστιν
799 1785 841 1844 ἰπὶ
863 1789 1007 1868 ὑπερτέραν
1021 1789 1065 1844 καὶ
1079 1788 1217 1868 κρείττονα
1236 1789 1309 1858 ζωὴν
1324 1783 1420 1861 μέλλω
1439 1785 1515 1842 ἰέναι·

401 1883 443 1940 έπί
457 1881 485 1941 δέ
500 1885 658 1964 Σωκράτους
675 1884 802 1959 σημαίνει
816 1885 846 1941 τὸ
868 1883 932 1941 ἄστυ
957 1883 1045 1963 (λέγει
1066 1886 1117 1965 γὰρ
1138 1877 1200 1956 έξῆς
1220 1885 1276 1956 <ὁ
1296 1881 1456 1964 Φαῖδρος>
1477 1881 1519 1938 δτι

403 2003 417 2036 ιι
442 1981 593 2062 ἀτεχνῶς
622 1981 657 2038 σῦ
687 1975 921 2060 ξεναγουμένῳ
945 1979 1073 2049 έοικας,
1100 1983 1144 2038 καί
1168 1983 1217 2039 ούκ
1239 1979 1342 2044 ἐθέλεις
1366 1979 1518 2056 ἀποδημεῖν

310 2099 337 2152 p.
354 2083 386 2136 θθ
402 2077 465 2136 ούδὶ
481 2081 487 2159 )
505 2073 601 2146 ἐξιέναι
615 2085 662 2136 τοῦ
677 2078 770 2146 ἄστεος
794 2079 820 2160 ιι)
837 2082 866 2137 τὸ
881 2080 924 2137 αἰεί
937 2082 984 2138 τὸν
1000 2081 1147 2160 Σωκράτην
1162 2080 1268 2138 καὶτὸν
1283 2080 1450 2155 ἐπιστήμονα
1464 2083 1519 2135 τῶν

401 2178 507 2236 οἰκείων
522 2179 614 2260 ἀρχῶν
628 2175 739 2260 ἐ’χεσθαι
750 2181 794 2236 καὶ
807 2185 862 2236 τῶν
876 2185 994 2253 νοητῶν,
1009 2180 1055 2236 καὶ
1070 2181 1108 2254 μή
1127 2173 1275 2245 ἐξίστασθαι
1290 2180 1397 2238 έαυτοῦ.

440 2276 568 2356 Εύλόγως
582 2277 612 2334 έκ
624 2278 776 2358 προοιμίων
795 2276 875 2359 φίλον
894 2277 940 2336 τῦν
962 2275 1080 2356 Φαῖδρον
1099 2277 1181 2335 καλεῖ
1201 2279 1216 2334 6
1237 2276 1366 2352 κηδεμών
1388 2281 1435 2333 τοῦ
1459 2275 1518 2332 νέου

402 2375 560 2456 Σωκράτης·
577 2375 617 2458 ἐφ’
632 2375 693 2434 ὅσον
706 2378 758 2456 γὰρ
777 2374 861 2456 ἔχθρα
883 2371 1054 2451 μεσολαύοίη
1076 2377 1121 2432 καί
1139 2374 1260 2456 διχόνοια
1280 2375 1399 2456 τρόπων,
1422 2371 1484 2431 οὕτε
1504 2375 1518 2429 ὁ

400 2473 491 2532 τελῶν
511 2472 587 2532 τελεῖ
608 2472 670 2531 ούτε
692 2476 706 2531 6
727 2473 894 2549 τελούμενος
915 2471 1047 2532 τελεῖται·
1070 2480 1129 2538 πῶς
1150 2476 1201 2553 γάρ
1223 2471 1348 2539 ἐπανάξει
1368 2475 1520 2552 όπρονοεῖν

339 2575 370 2626 20
401 2571 537 2653 ᾑρημένος
550 2574 580 2629 ῦν
595 2573 793 2654 ούπεφίληκε;
809 2578 867 2637 πῶς
886 2571 914 2630 δέ
933 2574 948 2628 6
969 2570 1100 2630 διδάσκων
1121 2570 1218 2638 διδάξει
1240 2573 1286 2628 τὸν
1302 2575 1341 2647 μὴ
1365 2569 1520 2642 ἐπιτηδείως

402 2665 499 2751 ἔχοντα
527 2677 575 2742 τῆς
589 2675 680 2753 ψυχῆς
694 2671 761 2752 πρὸς
778 2673 827 2743 τὴν
841 2672 973 2748 μάθησιν;
991 2673 1014 2728 εί
1028 2673 1079 2752 γάρ
1094 2669 1212 2728 έναντίον
1227 2675 1261 2746 τῇ
1281 2667 1358 2751 φιλία
1376 2670 1407 2726 τὸ
1421 2674 1518 2746 νεῖκος,

402 2769 432 2824 τὸ
460 2766 488 2824 δέ
511 2773 599 2833 νεῖκος
619 2770 690 2850 ἀρχν)
715 2767 891 2844 διαστάσεως,
928 2769 1037 2833 εἰκότως
1064 2772 1082 2840 ἡ
1110 2767 1187 2851 φιλία
1212 2768 1346 2830 ένώσεως·
1371 2765 1465 2830 ένωσις
1492 2764 1520 2822 δέ

402 2865 554 2924 διεστώτων
577 2867 626 2924 ούκ
647 2867 678 2924 δν
703 2866 796 2932 άλλως
817 2869 923 2946 γένοιτο
947 2870 971 2926 εί
995 2871 1033 2943 μὴ
1061 2867 1192 2946 πρότερον
1214 2873 1261 2924 τοῦ
1285 2867 1375 2947 έτέρου
1402 2863 1520 2945 θάτερον

403 2958 569 3044 ἐπιδράξεται
582 2967 612 3022 τὸ
627 2965 839 3047 δραστικιύτερον
853 2972 901 3024 τοῦ
923 2965 1030 3030 ἐνδεοῦς
1051 2964 1171 3045 (δηλαδὴ
1194 2967 1243 3023 ὅσα
1257 2968 1368 3044 καὶπῦρ
1382 2969 1430 3021 τοῦ
1444 2961 1521 3034 σιδή-

340 3063 370 3114 25
403 3063 471 3143 ρου)
488 3063 560 3121 ούτω
574 3049 619 3121 καί
633 3065 775 3123 ἐνταῦθαὸ
792 3067 940 3144 Σωκράτης
960 3065 1041 3146 φίλον
1063 3066 1109 3122 τὸν
1133 3063 1251 3146 Φαῖδρον
1271 3063 1389 3128 καλέσας
1409 3061 1521 3132 διέτης

403 3164 577 3242 προσρήσεως
597 3163 778 3244 έπιδράττεται
797 3163 905 3236 τούτου,
928 3165 965 3229 ὡς
979 3163 1010 3220 δν
1025 3172 1074 3236 τῆς
1090 3164 1189 3228 οἰκείας
1203 3163 1282 3220 αὐτὸν
1303 3164 1406 3237 ποιήση
1429 3182 1521 3218 συνου-

403 3261 459 3324 σίας
473 3257 556 3326 άξιον.
573 3261 603 3317 Εἰ
616 3259 644 3318 δέ
659 3283 684 3318 τι
700 3259 740 3318 δεῖ
754 3261 842 3317 καὶτὸ
856 3265 903 3317 τοῦ
923 3258 1042 3341 Φαίδρου
1057 3258 1145 3336 ὄνομα
1158 3257 1304 3326 ἀναπτύξαι
1319 3256 1393 3338 (ούδὶ
1407 3257 1458 3337 γάρ
1477 3256 1523 3312 καὶ

402 3357 462 3435 περὶ
475 3361 559 3414 ταῦτα
572 3364 666 3438 χεῖρον
681 3359 708 3415 οἱ
725 3357 838 3415 παλαιοί
854 3356 1033 3437 διετέθησαν),
1051 3357 1136 3414 ἰστέον
1152 3357 1190 3421 ώς
1208 3357 1239 3414 τῦ
1260 3356 1420 3437 φαινόμενον
1440 3352 1524 3412 καλὸν

403 3451 509 3512 διώκων
525 3459 539 3513 ῦ
554 3455 671 3536 Φαῖδρος
694 3455 816 3537 (ἐραστὴς
830 3459 881 3538 γάρ
900 3456 935 3524 ἧν
955 3462 1010 3513 πῖον
1032 3461 1079 3513 τοῦ
1101 3455 1200 3513 Λυσίου
1217 3454 1334 3535 λόγων),
1351 3455 1382 3512 τὸ
1397 3451 1481 3518 ῦντως
1495 3451 1524 3507 δν

437 3642 466 3692 12
482 3647 521 3696 ίπί
535 3672 566 3683 -
581 3647 642 3698 ἰέναι
656 3646 722 3697 ολδ
785 3646 815 3698 1⁴
830 3650 941 3715 ἀτεχνῶς
955 3648 1033 3714 γάρ...
1054 3651 1225 3716 ίιντιγουμίνιρ
1243 3651 1319 3700 τινί...
1342 3649 1425 3707 ῖοικας
1442 3643 1524 3697 2³00

467 3714 496 3764 21
512 3720 620 3769 ἐναντίον
635 3717 790 3768 seeundum
803 3719 998 3784 Empedoclem

437 3828 484 3878 Nc
499 3826 512 3877 1
527 3830 588 3896 πρδς
603 3833 737 3896 περίπατον
752 3831 798 3888 ἔξω
812 3833 911 3897 τείχους
926 3831 999 3881 Plat.
1065 3831 1080 3882 2
1094 3835 1238 3899 κρίττοναε
1299 3851 1354 3883 τινα
1367 3843 1424 3881 om.
1441 3830 1463 3882 C

407 3903 488 3965 μέλλιι
508 3899 584 3950 NE:
606 3905 700 3964 μέλλων
719 3901 826 3953 A'CM:
843 3905 924 3966 μέλλω
938 3906 998 3954 Aer
1061 3899 1116 3956 οίον
1130 3904 1200 3970 παρα
1213 3901 1270 3962 τοῦς
1289 3901 1398 3961 πολλοὺς
1411 3915 1524 3964 eorrup-

407 3975 465 4022 tum
479 3970 543 4032 (nisi
555 3972 624 4038 παρά
637 3971 694 4032 τοῦς
708 3969 816 4032 πολλούς
827 3994 856 4016 =
867 3975 897 4026 οῦ
910 3975 975 4027 κατὰ
989 3974 1046 4033 τοῦς
1060 3971 1167 4034 πολλούς
1179 3996 1207 4017 =
1219 3977 1335 4034 ἐναντίως
1347 3979 1399 4033 τοῖς
1413 3971 1524 4036 πολλοῖς)

469 4043 638 4094 nemeen
700 4043 850 4112 ιύγνωστον)
871 4047 992 4110 ἄγευστον
1012 4045 1065 4097 MC
1128 4046 1233 4112 ’ίβαθῦ
1253 4045 1346 4096 ΑῑΕΒ
1366 4045 1395 4095 in
1414 4056 1524 4108 marg.:

407 4110 463 4165 εὐθύ
480 4114 557 4164 ΜΒΟ
621 4118 735 4179 σημαίνει
762 4117 789 4166 Μ
816 4117 882 4178 {iem
904 4119 1140 4178 συιιεσειαιΑετ)
1203 4117 1320 4182 8ιῖσιιφῆ
1336 4117 1363 4166 Μ
1381 4115 1447 4178 (iem
1467 4127 1527 4164 cor·

407 4191 514 4236 rexerat
530 4187 597 4246 Αετ)
660 4185 733 4238 9καί
748 4187 860 4252 φανῦνῦ
922 4192 964 4240 καὶ
976 4191 1004 4240 τῦ
1015 4188 1144 4247 διειδέςΜ
1209 4188 1240 4239 10
1254 4193 1343 4240 elom.
1358 4189 1385 4237 Μ
1450 4185 1524 4260 αὐτῇ]

408 4256 475 4324 αύτῷ
489 4257 517 4306 Μ
583 4259 658 4320 δῆλον
677 4259 705 4309 τῦ
724 4261 763 4310 ἐπί
783 4261 811 4308 Μ
876 4259 906 4310 12
925 4259 1087 4327 λεοφύρουθ
1152 4263 1232 4324 μέλλω
1252 4261 1328 4310 Aer:
1350 4262 1445 4323 μέλλων
1464 4257 1527 4307 libri

471 4329 500 4378 13
516 4331 529 4379 6
547 4328 658 4396 Φαῖδρος
675 4328 769 4379 addidi
831 4328 862 4380 1⁴
884 4329 930 4382 οῦκ
952 4331 1050 4395 ἐθέλεις]
1072 4330 1102 4383 οὗ
1121 4335 1196 4390 θέλεις
1211 4332 1240 4382 Μ
1305 4331 1335 4380 17
1359 4329 1478 4394 εὐλόγως,
1498 4327 1526 4380 ιύ

408 4400 483 4450 rubr.
503 4402 527 4450 Α
543 4414 550 4448 :
565 4400 593 4448 in
611 4400 734 4464 margine
752 4401 862 4451 stellula
876 4402 959 4452 rubra
1022 4403 1052 4453 18
1071 4402 1218 4469 Σωκράτης]
1239 4401 1391 4469 Σωκράτους
1411 4403 1439 4451 Μ
1460 4400 1526 4463 (jam

409 4479 564 4522 correxerat
577 4473 644 4534 Αετ)
707 4472 757 4539 γὰρ
770 4485 827 4522 om.
844 4473 872 4522 M
889 4475 914 4535 (ι
929 4471 986 4522 ιιιέιΙ
1003 4472 1099 4538 plura,
1119 4479 1191 4524 certe
1212 4475 1261 4540 γὰρ
1279 4473 1378 4524 deest»
1397 4475 1463 4534 λετ)

408 4542 440 4592 20
457 4543 591 4616 ᾑρημένος]
607 4545 735 4610 εἰρημένος
751 4543 778 4592 Μ
842 4545 883 4594 τὸν
908 4557 962 4594 om.
977 4543 1005 4592 M
1069 4543 1100 4593 23
1117 4543 1230 4612 θάτερον)
1246 4549 1331 4596 θᾶττον
1348 4544 1376 4593 Μ
1440 4543 1471 4593 25
1486 4547 1526 4594 ίν-

408 4619 486 4666 ταῦθα
501 4619 514 4666 6
529 4616 646 4679 scripsi:
662 4619 675 4667 6
690 4618 794 4667 ίνταῦθα
808 4619 852 4664 A:
868 4619 881 4666 6
896 4628 952 4665 om.
974 4614 1003 4664 M
1067 4613 1099 4666 26
1113 4615 1199 4681 αὐτὸν]
1225 4619 1301 4668 αὐτοῦ
1324 4616 1353 4666 Μ
1419 4614 1524 4690 ποιήση]

409 4687 551 4751 ποιήσοιΜ
615 4687 687 4738 me
700 4686 734 4752 τι]
751 4689 772 4737 δ’
788 4689 865 4740 ίτιΜ
929 4688 957 4738 τῦ
976 4700 1033 4738 om.
1052 4687 1081 4738 M
1146 4687 1321 4755 γάρκαίοπι.
1340 4688 1369 4738 M
