3600 5734
403 577 451 630 ωε
788 564 929 616 mmm·
949 565 1146 619 οιιοεοοω·

307 725 373 794 [171]
445 713 500 794 ογ’.
523 710 609 771 Ἀλλ’
632 714 704 770 οἷον
727 711 781 770 ἀπ’
804 711 909 770 ἄλλον
931 713 1133 794 ὀφθαλμίας]
1155 717 1214 776 255
1236 715 1276 776 D.

445 853 513 914 058:
526 857 579 936 γὰρ
591 857 607 912 ό
619 856 692 913 οὕτω
707 855 872 936 ὀφθαλμιῶν
886 851 953 936 ἔχει
968 857 1074 914 εἰπεῖν
1088 859 1139 928 τὴν
1154 859 1317 940 πρόφασιν
1335 857 1353 930 ἢ
1369 861 1419 931 τήν
1433 857 1530 916 αἰτίαν·

407 953 467 1013 οῦδὲ
483 955 534 1036 γὰρ
554 953 625 1012 οίδε
645 955 675 1010 τό
696 954 782 1017 πόθος
802 952 846 1010 διὰ
865 953 892 1011 τί
911 951 1064 1031 συμ5αίνει·
1085 952 1226 1032 σιμὸαίντι
1245 955 1275 1014 δέ
1293 955 1336 1014 διὰ
1354 960 1404 1029 τὴν
1423 958 1535 1034 συμπό-

407 1056 492 1110 θειαν·
509 1052 592 1130 ἤγουν
612 1049 655 1108 δια
674 1057 723 1108 τοῦ
742 1051 820 1132 ἆίρος
839 1053 1001 1109 συνέπτεταί
1022 1075 1080 1116 πως
1100 1057 1119 1124 η
1136 1054 1289 1136 όφθαλμία.
1305 1090 1345 1102 -
1360 1053 1480 1135 Ὥσπερ
1501 1053 1533 1111 δέ

361 1157 376 1204 5
408 1152 439 1208 ἐν
453 1150 639 1230 κατόπτρῳ·
655 1151 686 1207 τὸ
702 1151 804 1208 οἰκεῖον
822 1149 994 1230 παράδειγμα
1007 1160 1057 1223 τῆς
1074 1152 1204 1230 ἐρωτικῆς
1220 1153 1375 1228 ἐπιστήμης
1389 1153 1532 1233 ὀφθαλμός

409 1249 489 1321 ἐστιν,
503 1246 595 1319 ἐπειδὴ
611 1249 655 1304 καί
670 1248 699 1306 ἐκ
713 1253 762 1305 τοῦ
777 1251 840 1328 όρᾰν
852 1248 957 1326 γίνεται
970 1251 1001 1305 τὸ
1019 1249 1091 1330 ἐρᾶν,
1104 1251 1151 1306 καὶ
1166 1253 1194 1307 αί
1209 1248 1362 1326 ἐλλόμψεις
1377 1258 1427 1322 τῆς
1440 1255 1533 1331 ψυχῆς

311 1367 336 1418 p.
346 1351 391 1402 172
407 1344 452 1408 διὰ,
463 1351 518 1402 τῶν
531 1346 664 1421 όμμέτων
677 1345 865 1426 ἐμφαίνονται.
876 1343 979 1426 Ὠσπερ
991 1346 1038 1404 οῦν
1052 1345 1095 1404 διὰ
1113 1347 1118 1426 Ι
1135 1355 1184 1404 τοῦ
1196 1347 1322 1424 ὄμματος
1335 1354 1384 1406 τοῦ
1397 1347 1535 1428 ἐρωμένου

408 1447 422 1502 ό
437 1445 551 1524 ἐραστὴς
567 1444 695 1523 ἀνάγεται
708 1443 764 1502 ἐκεῖ
777 1443 1012 1524 ἐνοπτριζόμενος,
1028 1447 1101 1502 οὑτω
1117 1447 1163 1501 καί
1179 1449 1193 1503 ό
1208 1446 1345 1526 ἐρώμενος
1359 1446 1402 1504 διὰ
1417 1453 1466 1504 τοῦ
1481 1445 1534 1521 ὑμ-

408 1563 493 1618 ματος
510 1548 559 1598 τοῦ
577 1541 704 1620 ἐρῶντος.
726 1541 918 1622 Κιίτοπτρον
938 1541 984 1598 οῦν
1002 1541 1110 1618 μᾶλλον
1126 1543 1156 1600 ἂν
1171 1565 1212 1609 τις
1230 1543 1305 1606 εἴποι
1322 1545 1354 1600 τὸ
1368 1551 1416 1600 τοῦ
1434 1544 1534 1625 ὀφθαλ-

344 1637 375 1689 ¹⁰
409 1646 473 1716 μοῦ·
497 1641 543 1698 καί
567 1638 610 1696 ἐπὶ
631 1645 685 1696 τῶν
709 1638 804 1698 ἄλλων
829 1638 858 1697 δέ
880 1640 1040 1720 κατόπτρων
1062 1639 1207 1713 δόναταιὴ
1230 1633 1357 1720 ἐξήγησις
1378 1648 1427 1699 τοῦ
1447 1641 1534 1720 ῥητοῦ

408 1737 536 1819 ἁρμόσαι.

450 1890 500 1952 οδ’.
524 1893 582 1949 Καὶ
603 1893 679 1948 όταν
701 1895 758 1968 μέν
779 1893 908 1958 ἐκεῖνος
929 1896 1031 1974 παρῇ]
1054 1895 1112 1952 255
1135 1893 1174 1952 Ι).

450 2037 574 2096 Τυυτέστι
593 2039 626 2095 τέι
644 2037 711 2095 αὑτὰ
730 2037 831 2120 πάσχει
849 2044 886 2116 τῷ
908 2038 1016 2118 ἐραστῇ,
1037 2038 1082 2094 καί
1101 2038 1149 2102 τας
1171 2037 1252 2102 αὑτὰς
1271 2038 1405 2118 ἐνεργείας
1425 2038 1469 2094 καί
1484 2039 1537 2111 τὴν

413 2135 496 2207 αὑτὴν
510 2135 654 2215 ἀναγωγὴν
668 2137 712 2192 καί
725 2136 756 2192 τὸ
772 2135 836 2192 αὐτὸ
848 2133 928 2201 τέλος
940 2135 1060 2217 ἔχουσιν,
1077 2170 1117 2180 -
1130 2133 1282 2192 Εἴδωλον
1298 2135 1331 2192 δέ
1345 2133 1468 2216 ἔρωτος
1488 2137 1536 2192 τὸν

352 2237 381 2287 15
413 2233 576 2314 ἐντέρωτό
590 2256 666 2315 φησι·
680 2235 713 2290 τὰ
728 2231 837 2312 δεὺτερα
852 2235 904 2312 γὰρ
920 2235 1068 2314 προσάπτει
1079 2239 1116 2312 τῷ
1131 2235 1272 2314 ἀντέρωτι,
1289 2232 1382 2305 ἐπειδὴ
1397 2235 1444 2291 καί
1460 2255 1537 2312 πρω-

412 2334 526 2411 τουργόν
543 2330 632 2389 αἴτιόν
649 2331 705 2388 ἐστι
721 2337 769 2388 τοῦ
788 2332 934 2412 ιἰντέρωτος
948 2335 963 2389 ό
979 2329 1060 2412 ἔρως.
1077 2366 1116 2378 -
1127 2333 1162 2389 Τδ
1178 2331 1206 2389 δέ
1219 2330 1462 2413 παραπλησίως
1480 2333 1538 2406 μέν

414 2429 657 2509 ἀσθενεστέρως
675 2427 718 2486 δέ·
739 2429 872 2486 κάνταῦθα
892 2430 925 2486 τὰ
944 2427 1057 2509 δεὺτερα
1075 2430 1159 2486 πάντα
1178 2436 1215 2508 τῷ
1233 2429 1360 2509 ἀντέρωτι
1377 2429 1536 2508 προσάπτει.

455 2585 504 2641 σε’.
533 2584 590 2639 Καὶ
616 2580 653 2652 δὴ
679 2585 751 2638 οἷον
776 2581 863 2648 εἰκὸς
886 2589 974 2640 ποιεῖ
999 2583 1034 2638 τὸ
1057 2585 1138 2657 μετὰ
1161 2591 1260 2640 τοῦτο
1284 2584 1364 2664 ταχὺ
1387 2584 1423 2639 τὰ
1448 2579 1536 2660 αὐταί]

415 2682 475 2740 255
500 2679 536 2738 Ε.

352 2829 384 2879 20
456 2825 498 2890 Ὦς
517 2825 547 2882 δν
565 2823 654 2888 είποις
675 2825 706 2882 τὸ
725 2827 901 2904 προκείμενον
922 2823 1046 2901 βούλεται
1065 2833 1177 2897 ποιῆσαι
1194 2830 1233 2902 τῷ
1253 2826 1387 2895 ἐνωθῆναι
1406 2823 1476 2902 αὑτῷ
1492 2823 1538 2878 καί

415 2921 570 2981 ἐπιδίδωσιν
589 2924 683 2980 ἐαυτὸν
701 2929 738 3001 τῷ
758 2922 867 3002 ἐραστῇ·
885 2924 953 2980 κατὰ
971 2921 999 2979 δέ
1018 2923 1048 2980 τδ
1069 2924 1232 3003 φαινόμενον
1251 2922 1282 2979 τὸ
1298 2919 1538 3000 συγκατακλιθῆναι
1615 2925 1617 2931 “

414 3027 451 3104 τῷ
467 3022 566 3102 ἐραστῇ
582 3019 666 3098 λέγει.

456 3173 507 3240 ος’.
531 3173 578 3230 Ἐν
600 3173 655 3231 οῦν
676 3177 714 3248 τῇ
737 3173 969 3251 συγκοιμησει]
992 3173 1050 3230 255
1081 3171 1116 3229 Ε.

456 3317 595 3397 Ἄντικρος
614 3323 697 3374 ταῦτα
715 3319 747 3374 τὰ
766 3317 835 3396 ῥητὰ
853 3317 912 3396 περὶ
929 3316 1075 3396 ἐγκρατοῦς
1094 3316 1139 3372 καὶ
1159 3315 1291 3394 ἀκρατοῦς
1309 3312 1385 3371 δοκεῖ
1405 3311 1537 3392 λέγεσθαι·

354 3427 384 3478 25
416 3414 457 3473 δεῖ.
476 3414 503 3473 δέ
518 3416 583 3473 αὑτό
600 3415 843 3494 θεωρητοιόνιερον
858 3409 1050 3489 ἐκλαμὺἐνειν,
1065 3415 1111 3470 καί
1130 3417 1168 3488 μή
1184 3415 1223 3477 ὡς
1240 3411 1315 3469 δοκεῖ
1334 3408 1439 3493 ἔχεινῆ
1456 3405 1539 3476 λέξις·

418 3514 448 3571 οὑ
470 3515 521 3594 γὰρ
545 3512 606 3571 ἄνευ
631 3512 759 3576 ὑπονοίας
784 3514 895 3593 αἰσχρᾶς
920 3512 975 3570 ἐστι
997 3513 1029 3568 τα
1052 3511 1197 3590 λεγόμενα.
1221 3513 1250 3569 Τί
1273 3512 1323 3590 γιίρ
1347 3531 1427 3592 φησιν
1447 3509 1479 3567 έν
1501 3513 1541 3584 τῇ

418 3615 654 3692 συγκοιμησει;
676 3612 690 3667 ό
711 3611 759 3686 μὶν
779 3609 965 3675 ἀκόλαστος
982 3609 1125 3688 διναγκόζει
1138 3611 1276 3689 προσιέναι
1289 3616 1351 3673 τοῖς
1365 3606 1511 3677 παιδικοῖς,
1527 3608 1542 3662 ὁ

353 3787 357 3798 Ι
419 3710 447 3770 δέ
460 3710 583 3786 ἀμείνων
597 3715 653 3766 τῶν
666 3708 758 3766 ίππων
777 3709 923 3782 ἀντιτείνει,
939 3711 983 3766 καί
1003 3709 1065 3765 όταν
1084 3707 1136 3765 ὦσι
1154 3707 1297 3788 φιλοσόφῳ
1319 3706 1409 3784 διαίτῃ
1425 3709 1544 3784 τεθραμ-

420 3810 508 3887 μένοι,
528 3808 587 3866 τότε
604 3805 695 3865 ἐπεται
714 3807 744 3864 τὸ
764 3805 864 3886 ἄλογον
882 3807 928 3864 καὶ
946 3807 1092 3864 ἀκολουθεῖ
1107 3812 1143 3884 τῷ
1158 3806 1244 3884 λόγῳ·
1262 3807 1325 3863 όταν
1340 3802 1369 3862 δέ
1383 3803 1543 3886 διφιλοσόφιμ

358 3930 388 3978 30
420 3908 508 3986 διαίτη
524 3907 576 3964 ὦσι
588 3906 766 3986 κεχρημένοι,
786 3905 965 3987 ὑποφέρονται
979 3906 1019 3969 εἷς
1039 3907 1089 3975 τήν
1103 3905 1230 3976 τοιαὺτην
1250 3904 1429 3984 αἰσχρότητα.
1451 3908 1496 3958 Δεῖ
1515 3898 1544 3957 δέ

419 4010 451 4065 τὰ
472 4007 609 4085 λεγόμενα
629 4002 721 4068 ἄλλως
739 4002 905 4086 ἐκδέχεσθαι,
920 4003 966 4060 ’ίνα
983 4004 1075 4083 πόρρω
1094 4002 1220 4068 ὑπονοίας
1239 4004 1352 4082 αίσχρᾶς
1371 4001 1390 4078 ᾖ
1409 4001 1443 4056 τὰ
1463 3997 1544 4077 λεγό-

423 4128 501 4182 μενα,
519 4104 564 4161 ’ἱνα
581 4105 627 4161 τόν
647 4101 697 4177 μέν
715 4099 868 4184 φιλοσόφως
888 4101 1072 4181 τεθραμμένον
1094 4100 1208 4158 διέπων
1229 4099 1307 4158 είδῖυν
1323 4097 1390 4177 λέγῃ
1404 4097 1544 4177 τυγχάνειν

421 4205 477 4262 τῶν
496 4202 589 4260 καλῶν
607 4207 824 4282 καταφρονοῦντα
845 4205 892 4258 τοῦ
915 4201 1044 4273 αἰσθητοῦ
1065 4197 1185 4263 κάλλους
1206 4200 1244 4262 ὡς
1266 4195 1372 4272 ένὺλου,
1392 4197 1438 4252 τὸν
1457 4193 1485 4252 δέ
1505 4196 1543 4268 μὴ

457 4431 505 4484 Nc
525 4434 538 4482 1
557 4427 814 4484 m'olovrubm
878 4427 1116 4504 όιῄὀφὺαλμίᾳΜ
1181 4429 1202 4478 δ’
1221 4425 1292 4476 Plat.
1354 4423 1547 4476 flatumME

488 4504 650 4568 ἐλλαμψιςΜ
714 4499 1104 4567 7ίμφαίνονταιῙθκφαίνεταιΜ
1171 4497 1410 4553 12καί,κῐιιίπ.Α
1475 4494 1506 4545 14
1520 4496 1547 4546 δέ

426 4588 480 4626 om.
497 4575 526 4625 M
591 4575 621 4625 15
637 4574 687 4641 γὰρ
704 4571 824 4635 scripsi:
843 4571 869 4622 δέ
888 4571 950 4620 libri
1013 4569 1043 4620 18
1059 4572 1112 4630 καὶ,
1127 4589 1142 4620 κ
1158 4569 1231 4619 rubr.
1248 4573 1271 4617 Λ
1335 4567 1365 4618 τέι
1382 4567 1455 4630 αῦτέι]
1470 4569 1547 4617 ταῦτα

429 4646 498 4697 Plat,
561 4644 593 4695 20
607 4643 696 4709 εἴποις]
713 4645 779 4694 εἴποι
795 4661 831 4701 τις
848 4645 884 4692 Α·
947 4641 977 4692 2³
995 4645 1029 4702 έν,
1047 4645 1058 4692 ἐ
1074 4641 1147 4691 rubr.
1163 4644 1185 4690 Α
1249 4640 1279 4688 24
1293 4639 1336 4688 καί
1354 4640 1477 4706 ἀκρατοῦς
1492 4651 1547 4687 om.

429 4719 457 4768 M
522 4715 553 4766 32
569 4718 629 4794 λέγῃ
645 4715 759 4779 scripsi:
775 4716 844 4782 λέγοι
861 4713 924 4763 libri
