3660 5686
352 577 399 626 100
736 566 876 618 ΕΡΜΕΙΟΥ
897 565 1093 617 ΦΙΛΟΣΟΦΟΥ

251 724 316 790 [112]
351 719 453 784 ἀλλους
470 721 678 796 ἐνθουσιασμοὺς
694 723 766 802 παρά
780 722 891 786 τούτους
907 721 970 786 τοὺς
988 720 1125 800 τέσσαρας·
1142 720 1202 778 εἶπε
1221 721 1273 799 γάρ
1293 717 1367 802 ἔχειν
1386 721 1472 778 εἰπεῖν

348 820 393 874 καί
412 816 486 876 ἀλλα
504 817 611 876 πλείω
632 817 726 894 μανίας
747 817 808 890 τίθη
829 819 961 897 γινόμενα
979 819 1031 876 ἀπὸ
1052 823 1137 878 θεῶν,
1158 815 1240 875 Τόδε
1260 817 1310 875 ἐπ’
1325 817 1474 899 ὠφελείᾳ

348 921 396 973 τοῦ
410 939 441 974 τε
459 917 575 996 ἐρῶντος
592 917 637 974 καί
655 922 703 974 τοῦ
723 915 861 996 ἐρωμένου
880 915 1001 994 γίνεσθαι
1020 918 1071 986 τὴν
1091 915 1184 996 φιλίαν
1203 917 1304 974 οίκεῖον
1326 924 1375 988 τῆς
1393 916 1473 981 Βαίας

349 1015 493 1095 ἐρωτικῆς.
512 1014 540 1070 '0
556 1015 604 1090 μέν
623 1016 674 1094 γάρ
693 1017 794 1079 Λυσίας
814 1014 972 1080 ἀκολάστως
992 1015 1061 1092 ἐρῶν
1081 1016 1167 1088 έαυτῷ
1188 1015 1236 1090 μὶν
1256 1014 1386 1072 δοκοῦσαν
1401 1014 1472 1096 ὠφέ-

303 1117 318 1166 5
350 1113 426 1172 λειαν
449 1119 592 1194 περιποιεῖ,
613 1119 652 1188 τῷ
675 1111 703 1170 δέ
727 1113 856 1194 έρωμένῳ
879 1113 1012 1192 μεγίστην
1035 1109 1153 1190 βλάόην·
1179 1115 1193 1170 ὁ
1214 1111 1242 1170 δὲ
1267 1113 1382 1194 σώφρων
1403 1109 1472 1193 ἔρως

350 1213 430 1269 αὐτὸν
445 1213 492 1268 τὸν
507 1209 607 1293 ἔχοντα
622 1210 732 1293 ῶφελεῖ·
749 1214 764 1268 δ
779 1210 807 1268 δὲ
820 1209 913 1276 ἐ’νθους
929 1211 1042 1292 έραστής
1057 1214 1152 1282 κοινὴν
1169 1212 1219 1280 τὴν
1235 1210 1370 1292 ὠφέλειαν
1387 1214 1474 1286 ἑαυτῷ

349 1312 438 1367 τεκαὶ
453 1315 491 1388 τῷ
511 1308 640 1389 έρωμένῳ
655 1315 803 1389 περιποιεῖ·
821 1309 859 1374 είς
874 1310 968 1366 ἑαυτὸν
982 1310 1032 1387 γάρ
1048 1309 1196 1389 ἐπιστρέφει
1212 1309 1257 1365 τόν
1275 1308 1413 1388 έριίιμενον
1428 1310 1474 1366 καί

317 1401 326 1421 ⁰
349 1410 407 1483 ἀμα
427 1409 478 1478 τὴν
498 1414 546 1466 τοῦ
570 1413 670 1479 νοητοῦ
694 1404 814 1472 κάλλους
837 1409 957 1486 θεωρίαν
975 1413 1128 1469 ποιοῦνται,
1154 1409 1329 1482 Σημειωτέον
1353 1406 1381 1464 δέ
1401 1408 1474 1486 παρά

350 1505 476 1562 [Ιλάτωνι
490 1506 519 1562 τό
535 1513 585 1577 τῆς
603 1505 759 1585 εὐτυχίας
775 1503 861 1581 ὄνομα
875 1505 917 1562 ότι
932 1503 966 1577 δὴ
982 1505 1031 1562 οόκ
1050 1505 1093 1562 έπί
1112 1511 1166 1561 τῶν
1186 1505 1260 1570 ἐκτός
1279 1503 1343 1562 ἀλλ’
1361 1505 1403 1562 έπὶ
1420 1511 1474 1562 τῶν

287 1606 318 1656 10
349 1607 472 1684 ψυχικῶν
492 1605 602 1682 ἀγαθῶν
624 1605 674 1674 τὴν
697 1604 828 1682 μεγίστην
851 1603 978 1684 εότυχίαν
996 1605 1096 1664 τάττει.
1117 1638 1156 1648 -
1177 1605 1249 1660 Ιίάνυ
1266 1602 1294 1661 δέ
1308 1608 1475 1679 θαυμαστῶς

246 1718 271 1770 p.
286 1705 331 1755 113
351 1700 459 1782 εἶ’ρηται
470 1703 529 1781 περὶ
543 1711 593 1773 τῆς
606 1700 675 1772 ὅλης
691 1696 857 1768 ἀποδείξεως
867 1710 917 1773 τῆς
931 1699 1098 1776 παλινῳδίας
1110 1703 1140 1758 τὸ
1157 1700 1281 1766 δεινοῖς
1298 1703 1367 1776 μἐν,
1388 1703 1393 1781 Ι
1410 1723 1475 1758 του-

349 1801 421 1858 τέστι
435 1807 492 1865 τοῖς
507 1799 657 1879 έριστικοῖς,
674 1797 813 1856 ἄπιστον
829 1800 914 1870 αὐτὴν
933 1799 1011 1870 εἶναι,
1028 1807 1121 1879 σοφοῖς
1135 1797 1164 1856 δε
1182 1803 1292 1872 πιστήν.
1310 1799 1340 1857 Ἡ
1356 1801 1406 1875 μέν
1423 1800 1474 1880 γάρ

350 1921 391 1965 τις
414 1905 469 1955 τῶν
492 1893 656 1965 ἀποδείξεων
678 1907 782 1980 χρῆται
805 1898 934 1973 λήμμασι
957 1898 1091 1961 τοιούτοις
1116 1899 1192 1955 ἀτινα
1213 1899 1302 1992 πάγτα
1323 1897 1406 1978 ἄνδρα
1429 1899 1475 1954 καί

350 1999 447 2056 έκόντα
464 1999 509 2054 καί
530 1995 630 2054 ἀ’κοντα
647 1997 678 2053 τὸ
698 1995 730 2067 δὴ
750 1995 899 2074 λεγόμενον
916 1996 1115 2076 καταναγκάσει
1133 2000 1286 2070 πεισθῆναι,
1308 1997 1346 2061 ὡς
1367 1996 1423 2076 ἐρεῖ
1442 1997 1476 2053 τά

289 2100 318 2149 15
349 2096 411 2173 περὶ
432 2095 577 2158 ἀθανασίας
599 2099 703 2176 ψυχῆς,
723 2097 741 2166 ἡ
764 2093 791 2150 δέ
812 2116 852 2158 τις
872 2102 975 2175 χρῆται
996 2093 1130 2157 τοιούτοις
1149 2093 1292 2169 λήμμασιν
1311 2095 1328 2151 ἀ
1347 2099 1405 2159 τοῖς
1427 2095 1475 2170 μέν

351 2191 543 2272 λογικωτέροις
561 2194 605 2248 καί
625 2191 770 2272 ἐριστικοῖς
790 2198 845 2249 τῶν
865 2191 1045 2250 διαλεκτικῶν
1066 2195 1111 2249 καί
1131 2194 1233 2258 παντὸς
1255 2198 1302 2250 τοῦ
1325 2191 1475 2270 λεγομένου

352 2290 434 2370 λόγον
454 2291 612 2348 ἀπαιτοῦσιν
631 2287 704 2348 ἐ’σται
724 2289 832 2360 ἀπιστα,
850 2295 907 2354 τοῖς
928 2289 956 2347 δέ
975 2291 1138 2365 έπιστήμοσι
1158 2293 1203 2347 καί
1225 2286 1411 2363 έπιόλητικοῑς
1429 2291 1475 2347 καὶ

353 2391 482 2472 βραχείας
498 2392 581 2466 μόνον
595 2391 772 2466 ἀναμνήσεως
787 2388 925 2464 δεομένοις
938 2390 1037 2454 παντὸς
1050 2387 1158 2464 μᾶλλον
1169 2384 1242 2446 ἔσται
1251 2389 1343 2451 πιστά,
1357 2391 1437 2447 Οὗτοι
1447 2388 1476 2445 δέ

353 2488 404 2544 είσι
421 2489 469 2563 μέν
484 2490 510 2544 οἱ
524 2489 568 2545 καί
578 2490 629 2559 τὴν
641 2489 786 2546 ἀθανασίαν
796 2495 846 2560 τῆς
857 2492 948 2569 ψυχῆς
959 2489 1063 2544 ἑαυτῶν
1073 2488 1232 2566 ἑωρακότες,
1244 2493 1329 2545 ταῦτα
1340 2485 1368 2545 δέ
1380 2485 1433 2544 ἐστι
1443 2487 1476 2543 τά

288 2596 320 2644 20
351 2587 412 2665 περὶ
421 2592 505 2646 θεῶν.
514 2588 552 2644 T&
560 2587 609 2661 μὶν
620 2585 667 2644 οὗν
675 2587 737 2666 περὶ
751 2586 895 2651 ἀθανασίας
903 2591 993 2666 ψυχῆς
1005 2584 1039 2643 δι’
1050 2581 1300 2667 ἀναμφιαόητήτων
1309 2579 1476 2652 ἀποδείξεων

350 2685 543 2742 κατασκευάσει
560 2685 606 2741 ἀπ’
623 2685 705 2757 αὐτῆς
722 2693 772 2758 τῆς
792 2685 882 2751 οὐσίας
903 2693 952 2756 τῆς
971 2689 1062 2766 ψυχῆς
1082 2686 1129 2750 τάς
1149 2679 1301 2750 ἀποδείξεις
1318 2687 1417 2766 φέρων·
1436 2685 1474 2749 είς

353 2784 445 2858 μέντοι
454 2784 516 2848 τούς
526 2785 586 2863 περὶ
595 2789 642 2840 τοῦ
656 2785 717 2848 Διὸς
730 2782 830 2864 λόγους
841 2786 886 2841 καί
896 2790 950 2840 τῶν
963 2784 1108 2861 ἡγεμόνων
1121 2789 1193 2841 θεῶν
1206 2784 1251 2839 καί
1266 2789 1321 2840 τῶν
1335 2785 1476 2859 ἑπομένων

351 2881 456 2944 τούτοις
476 2886 550 2938 θεῶν
569 2883 613 2937 καί
633 2879 771 2955 δαιμόνων
786 2883 831 2938 καὶ
851 2886 948 2962 ψυχῶν
962 2887 1017 2938 τῶν
1038 2903 1068 2938 τε
1083 2881 1168 2939 θείων
1180 2882 1225 2938 καί
1240 2881 1416 2960 ἀνθρωπίνων
1430 2881 1475 2938 καί

291 2983 293 2988 ’
352 2979 389 3043 είς
404 2981 455 3049 τήν
475 2981 542 3037 Βέαν
560 2985 609 3037 τοῦ
625 2985 722 3051 νοητοῶ
741 2977 859 3046 κάλλυυς
877 2981 985 3058 ἀνάγων
1000 2982 1050 3051 τὴν
1061 2982 1154 3060 ψυχὴν
1168 2981 1213 3036 καί
1228 2981 1282 3036 τόν
1299 2980 1476 3060 ίιπερουρά-

289 3087 319 3137 25
352 3100 421 3136 νιον
441 3076 554 3149 τόπον,
576 3076 664 3134 οὐκέτι
683 3075 754 3143 ἀξιοῖ
773 3078 841 3135 αύτά
854 3077 1055 3148 ἀποδεικνύναι,
1072 3076 1137 3136 ἀλλ’
1153 3078 1343 3159 ἀποφαντικῶς
1361 3078 1475 3158 ἀποφαί-

352 3199 427 3234 νεται
440 3176 501 3254 περὶ
519 3175 619 3249 αὐτῶν,
638 3176 685 3233 ἅτε
700 3175 733 3246 δὴ
754 3182 793 3250 τῷ
813 3175 869 3233 όντι
890 3176 1044 3234 ένθουσιῶν.
1068 3172 1222 3242 Διαλέξεται
1239 3175 1267 3233 δέ
1286 3177 1475 3257 ἀποφαντικῶς

352 3277 397 3332 καί
415 3275 544 3354 περὶτῶν
562 3273 637 3331 ἐννέα
654 3273 721 3351 βίων
739 3277 776 3330 ῶν
793 3273 840 3332 ἐ’να
861 3277 977 3355 αἱρεῖται
996 3279 1013 3346 ἡ
1034 3277 1109 3356 ψυχὴ
1129 3275 1244 3355 πρώτως
1263 3275 1294 3332 έκ
1311 3281 1358 3332 τοῦ
1377 3280 1477 3347 νοητοῦ

352 3379 490 3432 κατιοῦσα.
518 3373 564 3428 Διά
587 3377 669 3429 ταῦτα
693 3373 738 3428 καί
762 3370 834 3430 ἀλλα
855 3379 968 3431 τοιαῦτα
993 3371 1086 3432 πολλά
1107 3373 1157 3430 οὐκ
1178 3371 1259 3439 ἀξιῶν
1280 3377 1400 3454 χρῆσθαι
1419 3380 1478 3438 ταῖς

354 3471 546 3552 λογικωτέραις
567 3466 746 3542 ἀποδείξεσιν,
771 3469 834 3530 ἀλλ’
855 3473 997 3530 αὐτοπτεῖν
1019 3473 1104 3543 αὐτὴν
1124 3470 1165 3552 ἐφ’
1186 3472 1284 3544 ἑαυτῆς
1307 3469 1389 3538 ἀξιῶν
1411 3469 1477 3528 αότά

291 3574 322 3626 θθ
353 3574 403 3642 τὴν
418 3573 520 3650 ψυχὴν,
536 3570 639 3626 εἵπετό
657 3595 671 3624 ιι
687 3573 705 3640 ό,
721 3568 754 3634 δέ
769 3567 806 3641 δὴ
823 3569 994 3635 ἀπόδειξις
1010 3567 1101 3626 έσται
1115 3568 1240 3634 δεινοῖς
1256 3569 1313 3645 μέν
1330 3567 1475 3644 ἀπιστος,

354 3675 468 3750 σοφοῖς
488 3667 520 3725 δέ
538 3669 650 3738 πιστὴ·
668 3667 716 3725 δεῖ
736 3667 792 3725 ούν
811 3675 941 3748 πρῶτον
961 3673 1070 3749 ψυχῆς
1091 3667 1218 3748 φύσεως
1237 3669 1311 3748 πέρι
1330 3667 1427 3732 Ξείας
1443 3687 1477 3724 τε

352 3769 405 3825 καί
430 3767 638 3846 ἀνθρωπίνης
664 3764 778 3822 ἰδόντα
801 3767 886 3838 πάθη
912 3787 946 3824 τε
969 3768 1022 3822 καί
1046 3763 1124 3844 ἔργα
1144 3763 1286 3838 τάληθὲς
1309 3773 1437 3838 νοῆσαι,
1461 3789 1475 3820 ιι

353 3864 460 3936 Ἐπειδὴ
476 3867 527 3944 γὰρ
542 3865 662 3944 περὶτῆς
674 3865 712 3929 είς
724 3865 754 3920 τό
766 3865 863 3936 νοητὸν
874 3863 978 3928 κάλλος
989 3866 1135 3943 ἀναγωγῆς
1147 3866 1161 3920 ό
1172 3861 1256 3944 λόγος
1267 3865 1312 3921 καί
1325 3865 1477 3943 ἀναγόντων

351 3964 397 4020 καί
408 3963 584 4039 ἀναγομένων
597 3961 720 4040 έρώντων
732 3965 813 4019 τεκαὶ
824 3961 969 4041 ἐρωμένων
979 3960 1158 4041 πληρούντων
1167 3983 1197 4018 τε
1207 3963 1253 4019 καὶ
1264 3962 1475 4041 πληρουμένων,

383 4177 513 4230 242470

383 4300 430 4350 NG
447 4303 461 4350 3
476 4319 502 4351 τε
519 4313 572 4350 om.
594 4299 622 4349 M
688 4305 814 4367 γίγνεσθαι
837 4303 865 4352 Μ
931 4303 946 4350 5
968 4304 1092 4368 περιποιεῖ
1112 4299 1207 4363 scripsi
1229 4312 1235 4348 ι
1257 4301 1369 4367 περιέποι
1391 4299 1476 4350 libri:

352 4376 461 4438 περιέπει
476 4373 552 4421 Αετῐ
573 4372 608 4422 σί.
624 4371 649 4430 7,
670 4381 698 4422 αι
720 4371 772 4428 101,
793 4373 823 4424 26
887 4373 902 4422 8
921 4369 1062 4436 ποιοῦνται]
1082 4375 1202 4422 ποιοῦντα
1220 4371 1248 4419 Μ
1314 4370 1478 4436 σημειωτέον]

354 4446 492 4506 σημαντέον
512 4443 542 4492 Μ
607 4444 632 4495 δέ
648 4446 691 4494 καὶ
708 4445 777 4510 παρά
800 4445 826 4494 Μ
893 4446 924 4495 10
940 4443 1067 4510 ψυχικῶν]
1084 4447 1173 4528 ψυχῶν
1194 4443 1222 4491 Μ
1288 4441 1317 4492 11
1334 4445 1362 4494 τό
1383 4443 1410 4494 δέ
1428 4446 1478 4494 δει-

353 4517 444 4571 νσῖςΑ
467 4519 531 4564 ante
552 4515 661 4565 emend.
726 4516 847 4566 12e115
870 4516 896 4579 ἡ]
920 4517 941 4566 εἰ
964 4515 992 4564 Μ
1060 4514 1089 4564 18
1106 4513 1264 4565 ουτοι-20
1282 4516 1479 4566 θιώνιιυαοσκ

354 4585 463 4635 videtur
483 4599 544 4637 esse
559 4587 694 4637 sententia
757 4587 788 4636 20
804 4596 852 4637 τῶν
868 4586 974 4637 θεῶνΜ
1039 4584 1134 4636 θθτῶν
1149 4593 1214 4634 ante
1229 4603 1256 4635 τε
1270 4597 1326 4634 om.
1343 4586 1371 4634 Μ
1435 4586 1478 4636 καὶ

353 4661 416 4706 ante
431 4657 465 4714 εἷς
480 4670 533 4706 om.
549 4657 577 4706 M
642 4657 672 4706 27
689 4657 727 4722 ἐκ]
743 4659 792 4709 ἀπὸ
809 4659 837 4708 Μ
902 4658 933 4708 29
950 4658 996 4723 ἐφ’]
1013 4657 1053 4722 ἀφ’
1068 4657 1095 4706 Μ
1161 4657 1191 4705 34
1207 4675 1233 4706 τε
1247 4653 1478 4724 ρθείπληρούντων

352 4741 409 4777 om.
431 4731 455 4776 Α
