3660 5686
377 581 408 642 ,τι
762 570 902 622 mmor
923 572 1120 622 ψιιοεοοοι·

295 728 345 795 [83]
379 719 465 801 ’έρωτα
482 722 676 802 έτυμολογησει
691 723 763 803 παρὰ
778 724 808 780 τό
825 721 909 803 εἶ’ρειν
923 726 967 800 καῖ
984 723 1091 800 δεσμεῖν
1105 725 1137 782 τά
1152 723 1260 804 δεύτερα
1273 731 1332 789 τοῖς
1347 725 1497 805 προτέροις,

377 821 422 875 καῖ
435 822 484 891 τὴν
501 821 635 894 μεσότητα
651 820 731 878 αότοῡ
746 821 874 900 παριστὰς
890 821 930 878 ότι
944 819 1043 897 δεσμός
1059 821 1112 878 έστι
1127 828 1183 878 τῶν
1197 823 1303 879 πάντων
1321 825 1366 878 καῖ
1382 825 1497 902 πιναρά,-

377 923 456 976 τοῦτο
477 918 526 997 γάρ
548 919 678 994 σημαίνει
698 920 728 974 τό
755 918 848 998 εἷ’ρειν.
872 919 947 975 Ούτω
970 925 1109 1001 πανταχοῖ
1134 921 1242 984 οίκείως
1265 928 1324 985 τοῖς
1347 920 1499 1000 πράγμασιν

378 1017 496 1096 ὁρίζεται
511 1017 557 1074 τόν
574 1013 670 1096 ἔρωτα.
686 1016 859 1096 Ὁρισάμενος
874 1016 981 1074 οὖντὸν
998 1019 1037 1082 ὡς
1052 1018 1137 1083 πάθος
1153 1015 1239 1098 έρωτα
1252 1021 1297 1075 καῖ
1311 1015 1404 1097 ύύριν
1420 1019 1500 1075 αὐτόν

288 1121 357 1186 [187
380 1113 481 1190 μᾶλλον
496 1115 514 1187 ἢ
530 1113 616 1194 ἔρωτα
631 1116 769 1190 ὀνομάσας
788 1115 878 1194 (αὐτὸς
895 1115 944 1190 μέν
961 1115 1013 1194 γὰρ
1033 1117 1036 1194 ψ
1056 1117 1106 1173 ούκ
1122 1117 1153 1173 άν
1170 1115 1245 1174 είποι
1265 1117 1344 1173 αύτδν
1359 1113 1456 1196 έρωτα,
1474 1119 1499 1174 οῖ

378 1213 407 1272 δέ
419 1211 529 1270 πολλοί·
543 1219 623 1271 τοῦτο
638 1214 689 1294 γὰρ
703 1215 747 1271 καὶ
762 1214 838 1272 εἶπεν
857 1213 937 1278 αύτδς
954 1213 994 1270 ότι
1010 1239 1024 1268 ιι
1039 1210 1122 1292 έρως
1138 1214 1260 1286 ἐκλήθη
1278 1218 1296 1286 1,
1315 1215 1426 1287 τοιαύτη
1445 1215 1502 1272 ἐπι-

273 1308 366 1358 ί“323“
379 1311 464 1387 θυμία
479 1335 494 1366 ιι
514 1313 573 1368 ἀντὶ
591 1319 638 1370 τοῦ
657 1336 672 1368 «
688 1311 789 1384 ἐκλήθη
809 1311 881 1391 παρὰ
899 1318 954 1368 τῶν
966 1311 1075 1370 πολλῶν
1090 1313 1119 1392 υ)
1143 1312 1147 1391 Ι
1172 1312 1262 1386 μέλλει
1280 1311 1374 1370 λοιπόν
1392 1313 1435 1370 ἐπὶ
1451 1315 1500 1378 τὰς

379 1405 529 1476 ἀποδείξεις
549 1411 626 1468 ἰέναι·
649 1410 717 1485 μετὰ
737 1411 787 1490 γάρ
805 1412 856 1480 τὴν
877 1411 1011 1489 όριοτικήν
1030 1414 1047 1480 ἡ
1068 1409 1241 1482 ἀποδεικτική
1263 1411 1326 1470 ἐστι.
1348 1404 1451 1476 Μεταξὺ
1473 1409 1501 1467 δέ

379 1507 527 1588 διαλέγεται
545 1511 613 1588 πρός
634 1511 680 1566 τόν
702 1508 819 1589 Φαῖδρον
840 1507 969 1584 διακόψας
991 1509 1021 1565 τό
1041 1509 1151 1590 συνεχές
1171 1515 1218 1566 τοῦ
1241 1509 1323 1588 λόγον
1344 1511 1390 1566 καί
1410 1532 1499 1590 φησιν·

318 1622 348 1670 10
381 1633 394 1662 «
412 1607 464 1686 ἄρα
484 1605 570 1664 δοκῶ
590 1629 641 1664 σοι
661 1606 683 1662 ὦ
705 1605 828 1686 Φαῖδρε
848 1605 947 1664 Βεῖον
966 1608 1069 1672 πάθος
1089 1609 1301 1682 πεπονθέναι;
1321 1631 1334 1660 ιι
1355 1606 1428 1665 Ἐπεί
1450 1607 1501 1685 γάρ

379 1705 522 1770 ἀποδιδούς
541 1707 587 1762 τόν
607 1707 719 1786 ὁρισμὸν
738 1712 785 1763 τοῦ
804 1703 904 1786 ἔρωτος
918 1701 1040 1771 ’σκολιῶς
1061 1706 1140 1763 αύτδν
1162 1706 1311 1784 ἀπήγγειλε
1332 1709 1376 1763 καί
1398 1729 1502 1780 συμπε-

379 1803 538 1882 πλεγμένως
558 1806 602 1860 καῖ
618 1803 677 1861 καθ’
694 1801 842 1884 ύπερύατὸν
862 1811 983 1886 συνεχῶς
1002 1808 1131 1883 (τοιοῦτοι
1153 1804 1181 1862 δέ
1202 1806 1247 1860 καῖ
1268 1807 1294 1861 οῖ
1316 1801 1502 1885 διθυραμόικυῖ

380 1903 461 1978 ύμνοι
478 1900 603 1981 ἐλέγοντο
619 1903 658 1967 είς
673 1904 718 1960 τὸν
737 1903 886 1981 Διόνυσον),
906 1902 948 1960 διὰ
961 1904 1040 1960 τοῦτό
1060 1925 1125 1984 φησι
1142 1900 1241 1960 θεῖον
1260 1903 1363 1968 πάθος
1382 1925 1503 1961 πεπον-

379 2002 485 2071 θέναι,
502 1999 563 2058 ούτε
579 2002 664 2075 μόνον
678 1998 778 2059 θεῖον
794 2002 838 2080 (ού
853 2002 904 2080 γδιρ
920 2001 1138 2066 ἐνθουσιαστικῶς
1160 2003 1227 2066 τέως
1246 2001 1348 2082 ἐνεργεῖ
1364 2003 1402 2066 ὡς
1423 2001 1450 2058 έν
1468 2008 1502 2079 τῇ

318 2112 347 2161 15
379 2098 540 2177 παλινῳδία)
561 2099 621 2157 ούτε
642 2101 726 2174 μόνον
745 2101 846 2165 πάθος
867 2102 905 2166 ὡς
928 2102 1070 2169 όΛυσίας,
1092 2100 1159 2157 ἀλλὰ
1176 2102 1206 2157 τό
1226 2100 1288 2158 όλον
1305 2107 1384 2159 τοῦτο
1404 2099 1504 2159 θεῖον

378 2199 493 2268 πάθος,
519 2197 608 2270 ἐπειδὴ
633 2197 723 2274 μέλλει
745 2200 794 2273 μέν
815 2201 943 2277 περὶτοῦ
965 2199 1104 2279 σώφρονος
1126 2201 1170 2255 καῖ
1190 2201 1308 2274 κοσμίου
1329 2197 1429 2280 έρωτος
1452 2209 1502 2272 τῆς

379 2300 471 2378 ψυχῆς
487 2295 665 2376 διαλέγεσθαι,
682 2297 731 2354 ούκ
747 2296 917 2369 ἀπήλλακται
934 2296 963 2354 δέ
976 2303 1023 2354 τοῦ
1038 2301 1194 2372 μεμνῆσθαι
1208 2303 1255 2355 τοῦ
1269 2297 1296 2354 έν
1314 2294 1388 2376 δόρει
1402 2294 1502 2378 ἔρωτος

378 2403 426 2453 τοῦ
442 2397 480 2460 ὡς
495 2396 609 2468 πάθους,
631 2395 812 2476 έπιρραπίζων
834 2396 923 2456 αύτόν,
942 2401 994 2454 ‘roz
1015 2395 1063 2453 ούν
1081 2389 1180 2471 μεταξύ
1198 2395 1323 2472 διακόψαι
1342 2397 1373 2452 τό
1393 2399 1502 2476 συνεχές

379 2502 426 2553 τοῦ
443 2496 526 2574 λόγου
543 2495 588 2553 τὸν
607 2495 754 2574 Σωκράτην
771 2503 842 2576 τρεῖς
858 2495 890 2552 θν
905 2493 1039 2566 ἀποδοίη-ς
1058 2495 1159 2559 αἰτίας·
1178 2496 1243 2570 μίαν
1260 2497 1308 2570 μέν
1322 2495 1433 2572 λογικὴν
1449 2496 1501 2565 ὅτι,

318 2601 349 2652 20
381 2593 473 2666 ίπειδή
489 2595 557 2669 μετὰ
569 2595 614 2651 τόν
626 2596 739 2674 ὁρισμὸν
751 2600 797 2651 τοῦ
813 2590 913 2674 έρωτος
929 2592 1019 2669 μέλλει
1033 2592 1127 2651 λοιπὸν
1143 2593 1185 2650 έπῖ
1198 2594 1246 2659 τὰς
1258 2591 1408 2660 ἀποδείξεις
1425 2594 1502 2662 ἱέναι,

379 2695 513 2750 τουτέστιν
526 2693 569 2750 έπῖ
579 2693 612 2749 τά
624 2691 684 2749 καθ’
694 2694 761 2750 αύτδ
774 2693 930 2773 ὑπάρχοντα
942 2699 981 2768 τῷ
992 2693 1107 2766 τοιούτῳ
1120 2688 1198 2772 ἔρωτι
1208 2692 1251 2770 (ἐκ
1259 2693 1309 2772 γάρ
1318 2699 1372 2748 τῶν
1383 2695 1504 2772 ὁρισμῶν

380 2795 412 2850 τόι
426 2790 486 2849 καθ’
499 2792 565 2849 αύτδι
581 2791 735 2871 ὑπάρχοντα
751 2791 980 2870 ἀποδείκνυνται),
997 2789 1040 2848 διδι
1055 2797 1135 2849 τοῦτο
1150 2789 1229 2864 έτεμε
1244 2792 1290 2847 τὸν
1307 2790 1398 2870 λόγον·
1415 2793 1505 2872 έτέραν

382 2889 409 2948 δὲ
423 2892 521 2961 ἠθικὴν
535 2889 577 2946 ότι
588 2884 730 2961 ἠύουληθη
746 2890 792 2946 τὸν
806 2887 928 2968 Φαῖδρον
943 2887 1010 2947 ἰδεῖν
1024 2894 1084 2954 πῶς
1100 2887 1158 2969 έχει
1172 2889 1216 2944 καὶ
1229 2886 1356 2946 διάκειται
1369 2890 1505 2968 πρὸςτούς

381 2990 519 3054 τοιούτους
534 2987 642 3066 λόγους,
657 2989 702 3044 καί
715 3009 790 3068 φησι·
809 2989 923 3044 «πάνυ
944 2989 1002 3062 μέν
1021 2986 1076 3045 ούν
1096 2985 1209 3065 εύροιοί
1225 2987 1275 3051 τίς
1292 3009 1324 3043 σε
1342 2985 1458 3068 είληιρε
1476 3009 1502 3042 ν·

319 3090 349 3137 25
381 3086 474 3166 τρίτην
493 3085 522 3142 δέ
540 3083 676 3158 δποδοίης
698 3085 730 3142 δν
750 3085 1035 3160 έπιστημονικωτάτην
1058 3087 1102 3141 καῖ
1122 3081 1360 3162 θεολογικωτάτην
1382 3086 1422 3141 ότι
1443 3092 1504 3149 ταῖς

381 3185 544 3264 προσφόροις
556 3187 639 3258 ἡμῶν
654 3186 698 3241 καῖ
709 3182 829 3241 τοιαῖσδε
843 3186 925 3251 ζωαῖς
939 3185 1086 3264 πρόσφοροι
1098 3185 1142 3238 καῖ
1155 3181 1299 3257 ἐλλάμψεις
1313 3184 1358 3240 καῖ
1371 3182 1506 3240 έπίπνοιαι

311 3299 316 3309 ·
382 3286 452 3357 ἡμῖν
470 3282 500 3339 ἐκ
517 3287 572 3338 τῶν
590 3279 667 3339 θεῶν
681 3280 838 3354 ένδίδονται,
854 3284 898 3338 καῖ
914 3280 1007 3339 ἄλλοτε
1023 3279 1095 3356 άλλῳ
1113 3278 1175 3355 θεῷ
1190 3280 1361 3354 οίκειούμεθα
1374 3280 1442 3337 κατὰ
1455 3283 1504 3352 τήν

382 3379 485 3438 τοιάνδε
499 3384 581 3454 ἡμῶν
602 3383 686 3449 ζωήν,
706 3385 790 3437 Τοῦτο
808 3381 859 3460 γἀρ
881 3379 1005 3455 σημαίνει
1020 3381 1064 3436 καίΙ
1083 3380 1113 3436 τό
1130 3381 1178 3435 τὸν
1199 3377 1323 3435 Ὀδυσσέα
1340 3385 1385 3436 νῦν
1404 3380 1453 3453 μὲν
1471 3401 1504 3455 τη

384 3477 515 3553 Καλυψοῖ,
534 3477 628 3535 ἄλλοτε
642 3477 670 3534 δὲ
688 3483 723 3554 τῇ
744 3479 830 3559 Κίρκη
847 3487 964 3536 συνεῖναι
979 3479 1023 3534 καὶ
1042 3476 1135 3535 ἄλλοτε
1151 3474 1219 3551 Ὶαλλη
1234 3473 1306 3550 θεῷ·
1322 3477 1362 3532 ότι
1375 3478 1425 3556 γάρ
1438 3479 1506 3533 κατὰ

322 3577 352 3625 30
383 3579 434 3648 τὴν
446 3574 551 3634 τοιάνδε
566 3577 661 3633 ἑαυτοῦ
684 3579 756 3648 ζωὴν
772 3583 897 3658 μετεῖχεν
914 3576 1008 3633 ἄλλοτε
1028 3575 1114 3632 ἄλλων
1133 3571 1285 3652 θειοτέρων
1303 3572 1443 3648 δυνάμεων
1461 3578 1507 3632 καὶ

384 3674 549 3750 ένελάμπετο
563 3678 607 3731 καῖ
621 3677 750 3750 ᾠκειοῦτο
765 3673 863 3732 ἄλλοτε
877 3674 949 3750 ἄλλῳ
965 3673 1036 3748 θεῷ.
1053 3673 1125 3729 Ἐπεὶ
1140 3671 1187 3728 ούν
1206 3673 1250 3728 καὶ
1269 3676 1286 3744 ἡ
1308 3671 1442 3730 ένεστῶσα
1460 3679 1506 3730 νῦν

387 3777 443 3845 ζωὴ
459 3781 508 3830 τοῦ
524 3774 684 3853 Σωκράτους
703 3775 848 3853 καθαρτικί,
865 3773 978 3830 ἐστικαὶ
993 3771 1131 3850 ἀναγωγός
1147 3769 1287 3848 (βούλεται
1299 3771 1349 3850 γάρ
1363 3776 1448 3828 σῶσαι
1460 3773 1506 3828 τόν

386 3874 445 3929 νέον
464 3873 509 3928 καῖ
528 3871 678 3942 ἀποστῆσαι
692 3871 772 3927 αὐτόν
789 3877 835 3928 τοῦ
856 3871 883 3926 ἐν
898 3875 931 3946 τῇ
944 3871 1043 3947 γενέσει
1061 3871 1168 3926 καὶτοῦ
1184 3867 1235 3935 ἔξω
1250 3867 1359 3946 καλοῦ),
1374 3867 1465 3949 έροροι
1479 3867 1507 3926 δέ

386 3979 436 4043 τῆς
455 3971 584 4048 γενέσεως
605 3973 632 4026 αῖ
652 3971 759 4050 Νύμιραι
777 3971 821 4025 καὶ
839 3971 852 4025 ό
873 3969 1009 4037 Διόνυσος,
1031 3967 1071 4024 διὰ
1090 3969 1171 4025 τοῦτό
1186 3990 1250 4048 ρησι
1266 3968 1427 4047 κατέχεσθαι
1445 3975 1506 4032 ταῖς

448 4223 513 4273 ίοί.
531 4222 578 4274 238
592 4227 615 4272 Α
680 4223 709 4274 33
724 4226 760 4276 ct.
776 4223 815 4282 32,
833 4221 863 4273 11

420 4351 465 4401 NG
482 4353 496 4400 1
512 4354 604 4419 ἰ’ρωτος
620 4351 709 4415 potius
724 4351 823 4414 legitur
837 4349 864 4398 in
880 4351 903 4398 Α
968 4348 983 4398 7
998 4357 1046 4399 τῶν
1061 4363 1115 4400 om,
1130 4351 1158 4398 M
1225 4349 1254 4398 10
1269 4343 1289 4398 ὦ
1304 4352 1352 4400 θεῖε
1368 4348 1463 4415 Φαῖδρε
1478 4349 1505 4397 Μ

449 4425 501 4474 ἐπεί
516 4421 575 4490 γάρ]
592 4425 676 4474 Ιτίτειτα
695 4428 730 4472 ΑἸ
750 4427 780 4480 ίει
798 4435 831 4470 ex
847 4420 968 4483 emend.)
1032 4420 1062 4470 13
1080 4420 1204 4479 πάθος-
1220 4423 1249 4469 14
1266 4424 1330 4471 θεῖον
1350 4433 1404 4470 om.
1423 4420 1446 4468 B

387 4495 415 4544 21
437 4495 510 4557 αὐτὰ]
532 4497 592 4545 αὐτὸ
613 4495 641 4542 Μ
705 4503 739 4560 τῷ
758 4490 864 4560 τοιούτῳ
878 4521 908 4528 -
922 4493 953 4543 22
968 4491 1114 4559 ὑπάρχοντα
1128 4506 1182 4542 om.
1200 4491 1277 4541 EBM
1296 4491 1386 4554 (cujus
1400 4491 1509 4541 nescius

388 4569 446 4615 AsT
465 4565 617 4628 corrigebat
641 4565 670 4614 21
696 4567 734 4615 έπί
759 4565 848 4622 <ζζτδ>
870 4565 900 4614 τά
923 4570 950 4613 et
972 4563 1003 4613 22
1028 4564 1229 4623 ἀποδείκνυσθαι)
1294 4563 1324 4611 26
1345 4561 1509 4629 προσφόροις]

387 4641 542 4704 προσφοραῖς
562 4635 590 4684 Μ
656 4635 685 4684 27
707 4635 765 4702 θεῷ]
786 4638 848 4684 θεῶν
867 4635 893 4683 Μ
918 4638 975 4697 (pro
994 4635 1062 4700 ἄλλῳ
1080 4636 1127 4700 θεῷ
1147 4633 1168 4684 E
1186 4635 1269 4684 habet
1286 4634 1395 4684 ἅλλωθεν
1415 4635 1445 4696 δ’)

387 4707 418 4757 29
433 4707 495 4780 άλλη
512 4731 543 4741 -
559 4705 584 4754 31
605 4710 725 4772 ᾠκειοῦτο
739 4708 827 4757 ἄλλοτε
841 4719 895 4755 om.
912 4706 939 4754 M
1004 4705 1035 4755 29
1049 4707 1110 4755 θεῶν
1127 4703 1149 4754 E
1212 4705 1241 4753 34
1258 4708 1271 4756 ό
1285 4717 1340 4755 om.
1358 4704 1386 4752 Μ
