3604 5690
414 579 461 631 2⁰2
542 587 546 596 ·
798 567 939 620 εειιειοι·
960 569 1156 621 οιιοεοοοι·

317 725 382 794 [171]
456 715 510 795 ογ’.
534 713 619 773 Ἀλλ’
643 716 716 772 οίον
737 713 792 772 ἀπ’
814 713 919 774 Ια’λλου
941 685 1143 798 δρθαλμίας]
1166 719 1224 778 255
1247 717 1286 777 D.

455 855 523 916 Οθδὶ
537 859 590 938 γάρ
602 859 617 914 δ
630 857 702 915 οδτω
718 857 881 939 ὀφθαλμιῶν
896 854 963 939 ἔχει
978 860 1084 918 εἰπεῖν
1098 862 1149 930 τὴν
1165 861 1326 942 πριίρασιν
1345 859 1362 933 θ
1379 864 1429 932 τὴν
1442 859 1539 918 αίτίαν·

417 955 477 1014 οθδέ
494 957 544 1037 γάρ
564 954 636 1014 οίδε
655 957 686 1013 τὸ
707 958 792 1021 πάθος
812 955 856 1014 διά
875 957 901 1014 τί
920 953 1073 1032 συμθαίνει·
1095 955 1236 1036 συμθαίνει
1255 959 1284 1016 δέ
1303 957 1346 1016 διὰ
1363 961 1413 1031 τήν
1432 960 1542 1036 συμπά-

417 1057 503 1112 θειαν·
519 1053 602 1132 ἤγουν
622 1052 665 1112 διά
684 1059 733 1111 τοῦ
752 1055 831 1134 ἀέρος
849 1055 1011 1112 συνάπτεταί
1031 1077 1090 1120 πως
1110 1060 1128 1128 ἡ
1147 1057 1298 1138 θρθαλμία.
1314 1093 1355 1104 -
1370 1055 1489 1137 Ὥσπερ
1509 1055 1542 1114 δέ

371 1159 385 1206 5
418 1154 449 1210 ἐν
464 1153 649 1232 κατόπτρῳ·
666 1153 696 1210 τὸ
712 1153 813 1212 οίκεῑον
832 1152 1004 1233 παράδειγμα
1018 1163 1068 1226 τῆς
1084 1154 1215 1235 ἐρωτικῆς
1230 1156 1385 1230 ἐπιστήμης
1399 1155 1541 1236 ὀφθαλμός

419 1251 499 1322 ἐστιν’,
513 1248 605 1322 ἐπειδὴ
621 1251 665 1307 καίΙ
680 1250 709 1308 έκ
723 1257 772 1308 τοῦ
787 1254 850 1331 δρᾶν
862 1251 967 1330 γίνεται
980 1253 1011 1309 τὸ
1029 1251 1101 1332 ἐρᾶν,
1114 1254 1160 1309 καί
1176 1255 1204 1310 αί
1219 1251 1371 1330 ἐλλάμψεις
1386 1261 1436 1326 τῆς
1450 1257 1541 1334 ψυχῆς

320 1369 345 1419 p.
356 1353 401 1404 172
417 1346 460 1405 διά
474 1353 528 1405 τῶν
541 1348 674 1423 ὀμμάτων
687 1348 875 1428 ἐμφαίνονται.
887 1346 989 1429 Ὥσπερ
1001 1348 1048 1406 οὖν
1062 1347 1104 1406 διὰ
1123 1349 1127 1429 Ι
1145 1357 1193 1408 τοῦ
1206 1349 1332 1427 ὄμματος
1345 1355 1393 1408 τοῦ
1407 1350 1543 1430 ἐρωμένου

418 1449 432 1504 δ
447 1446 561 1527 ἐραστὴς
577 1445 705 1526 ἀνάγεται
717 1446 774 1504 ἐκεῖ
787 1447 1022 1526 ἐνοπτριζδμενος,
1039 1449 1110 1505 οὕτω
1127 1449 1172 1505 καίΙ
1188 1451 1203 1506 δ
1219 1449 1355 1529 ἐρώμενος
1369 1448 1412 1506 διὰ
1427 1456 1475 1506 τοῦ
1490 1447 1542 1524 δμ-

418 1565 503 1619 ματος
520 1551 569 1600 τοῦ
587 1543 714 1622 ἐρῶντος,
736 1546 928 1624 Κάτοπτρον
948 1544 994 1602 οὖν
1012 1543 1120 1621 μᾶλλον
1135 1545 1165 1603 ἄν
1180 1569 1222 1612 τις
1240 1545 1315 1608 ε’ίποι
1332 1548 1425 1603 τδτοῦ
1443 1545 1543 1627 δρθαλ-

353 1638 384 1690 10
419 1647 483 1718 μοῦ·
508 1643 553 1698 καί
577 1640 619 1699 ἐπὶ
640 1647 695 1699 τῶν
719 1641 814 1700 ἄλλων
839 1641 867 1700 δέ
889 1644 1049 1723 κατόπτρων
1071 1641 1217 1716 δθναταιὴ
1240 1637 1367 1723 ἐξήγησις
1388 1651 1436 1702 τοῦ
1457 1643 1542 1722 ῥητοῦ

418 1739 545 1820 ἁρμόσαι.

460 1891 510 1954 οδ.
534 1896 591 1951 Καὶ
612 1895 688 1951 δταν
711 1897 768 1970 μὲν
789 1896 917 1960 ἐκεῖνος
939 1899 1040 1976 παρῇ]
1064 1897 1121 1956 255
1144 1895 1183 1956 D.

460 2038 583 2097 Τουτέστι
603 2041 635 2097 τά
654 2039 720 2096 αὐτὰ
740 2039 841 2122 πάσχει
858 2046 895 2118 τῷ
918 2040 1025 2120 ἐραστῇ,
1047 2041 1091 2098 καί
1111 2040 1158 2104 τὰς
1181 2039 1261 2104 αὐτὰς
1282 2039 1415 2120 ἐνεργείας
1434 2041 1478 2096 καὶ
1494 2041 1546 2112 τὴ,

422 2136 506 2208 αὐτὴν
520 2137 664 2218 ἀναγωγὴν
677 2138 765 2195 καὶτὸ
782 2138 845 2195 αὐτὸ
858 2136 937 2202 τέλος
950 2136 1069 2220 ἔχουσιν.
1087 2173 1126 2184 -
1141 2136 1292 2196 Είδωλον
1307 2137 1340 2195 δέ
1354 2135 1477 2218 ἐρωτος
1498 2139 1546 2194 τὸν

361 2237 390 2289 15
422 2236 585 2315 άντέρωτά
600 2258 675 2318 ρησι·
690 2237 722 2292 τά
738 2233 847 2316 δεύτερα
861 2238 914 2314 γὰρ
929 2237 1077 2316 προσάπτει
1088 2243 1126 2314 τῷ
1141 2238 1280 2316 ἀντέρωτι,
1298 2234 1390 2308 ἐπειδὴ
1406 2237 1453 2294 καί
1469 2257 1546 2316 πρω-

421 2335 535 2414 τουργὸν
553 2333 641 2391 αίτιόν
659 2333 714 2392 ἐστι
730 2340 778 2392 τοῦ
797 2335 943 2413 ἀντέρωτος
958 2337 972 2392 ὁ
989 2333 1069 2414 ἔρως.
1085 2337 1171 2391 -Τὸ
1187 2334 1215 2392 δέ
1228 2333 1471 2416 παραπλησίως
1490 2335 1546 2410 μέν

423 2431 666 2511 άσθενεατέρως
684 2427 727 2488 δέ·
748 2433 882 2488 κάνταῦθα
901 2433 934 2488 τά
954 2429 1066 2513 δεύτερα
1084 2431 1168 2489 πάντα
1187 2438 1224 2512 τῷ
1242 2431 1369 2512 διντέρωτι
1385 2431 1544 2511 προσάπτει.

464 2587 513 2642 οε’.
542 2585 599 2640 Καὶ
625 2581 663 2655 δὴ
689 2587 760 2641 οἷον
785 2584 873 2650 εἰκὸς
895 2592 983 2644 ποιεῖ
1008 2585 1043 2642 τὸ
1066 2587 1148 2660 μετά
1171 2593 1269 2643 τοῦτο
1293 2586 1373 2666 ταχὺ
1396 2587 1432 2642 τά
1457 2582 1546 2662 αὐτά]

425 2683 484 2742 255
509 2681 546 2740 E.

360 2830 393 2880 20
465 2825 508 2890 Ὧς
526 2825 556 2882 άν
574 2824 663 2890 είποις
684 2827 715 2883 τὸ
733 2829 911 2907 προκείμενον
932 2825 1056 2904 βούλεται
1074 2835 1186 2899 ποιῆσαι
1204 2833 1242 2906 τῷ
1261 2828 1396 2898 ἐνωθῆναι
1415 2825 1485 2904 αὖτῷ
1503 2825 1547 2880 καί

424 2922 579 2982 ἐπιδίδωσιν
598 2925 692 2982 ἐαυτὸν
710 2931 747 3003 τῷ
767 2925 876 3005 ἐραστῇ·
895 2925 962 2982 κατὰ
980 2922 1008 2981 δέ
1027 2925 1057 2981 τὸ
1078 2926 1241 3005 φαινόμενον
1260 2925 1291 2981 τὸ
1308 2922 1548 3003 αυγκατακλιθῆναι

423 3027 460 3104 τῷ
476 3023 575 3103 ἐραστῇ
591 3020 675 3100 λέγει.

465 3173 516 3240 ος’.
540 3173 587 3231 Ἐν
609 3173 665 3232 οὗν
685 3179 723 3250 τῇ
746 3176 978 3253 συγκοιμησει]
1002 3175 1059 3233 255
1090 3173 1125 3232 Ε.

465 3319 604 3398 Ἀντικρυς
623 3324 705 3375 ταῦτα
724 3319 756 3375 τά
775 3319 843 3397 ῥητά
862 3321 921 3398 περὶ
938 3318 1084 3399 ἐγκρατοῦς
1103 3319 1148 3375 καὶ
1168 3318 1300 3398 ἀκρατοῦς
1318 3314 1394 3374 δοκεῖΙ
1413 3314 1547 3394 λέγεαθαι·

363 3429 393 3480 25
425 3415 466 3474 δεῖ
484 3415 512 3474 δέ
527 3416 592 3474 αὐτὰ
609 3416 852 3496 θεωρητικιθτερον
867 3411 1058 3491 ἐκλαμδάνειν,
1074 3415 1120 3472 καὶ
1139 3418 1177 3490 μη
1194 3417 1232 3480 ὡς
1249 3413 1324 3472 δοκεῖ
1342 3411 1448 3496 ἔχεινῆ
1465 3407 1548 3479 λέξις·

426 3515 457 3572 οὐ
479 3516 530 3595 γάρ
553 3513 615 3572 ἄνευ
640 3514 768 3578 ὑπονοίας
793 3515 905 3595 αἰσχρᾶς
929 3514 983 3571 ἐστι
1006 3515 1038 3571 τά
1061 3513 1206 3592 λεγόμενα.
1230 3516 1259 3572 Τί
1281 3515 1332 3594 γάρ
1355 3535 1436 3594 ρησιν
1457 3511 1488 3568 ἐν
1511 3516 1550 3587 τῇ

427 3615 662 3692 συγκοιμήσιι;
684 3614 699 3669 ὁ
720 3613 768 3688 μέν
788 3611 973 3676 ἀκόλαστος
991 3611 1133 3691 ἀναγκάζει
1147 3612 1284 3691 προσιέναι
1299 3618 1359 3677 τοῖς
1374 3608 1520 3680 παιδικοῖς,
1537 3611 1551 3665 ὁ

362 3787 366 3798 .
428 3711 456 3770 δέ
470 3712 592 3788 ἀμείνων
606 3717 662 3768 τῶν
675 3709 767 3768 ’ίππων
786 3711 932 3784 ἀντιτείνει,
948 3713 992 3769 καί
1012 3710 1074 3769 ὅταν
1093 3709 1144 3768 ὦσι
1163 3709 1305 3791 ριλοσθριμ
1328 3708 1418 3786 διαίτη
1434 3711 1553 3789 τεθραμ-

430 3809 516 3887 μένοι,
537 3811 597 3867 τότε
612 3807 704 3868 ’ἕπεται
722 3810 752 3867 τὸ
773 3807 872 3889 άλογον
892 3811 937 3867 καὶ
955 3810 1101 3868 ἀκολουθεῖ
1115 3815 1152 3887 τῷ
1166 3808 1253 3887 λόγῳ·
1271 3809 1334 3866 ὅταν
1349 3806 1377 3866 δέ
1392 3806 1552 3889 άιριλοσθρῳ

366 3930 397 3978 30
429 3907 516 3986 διαίτη
533 3907 584 3966 ὦσι
597 3907 775 3988 κεχρημένοι,
795 3907 974 3989 ὑπορέρονται
989 3909 1027 3972 είς
1048 3909 1097 3978 τήν
1111 3907 1239 3978 τοιαύτην
1259 3907 1438 3988 αἰσχρότητα.
1460 3911 1505 3962 Δεῖ
1525 3902 1552 3961 δέ

428 4010 461 4065 τά
480 4007 618 4085 λεγόμενα
637 4004 730 4072 άλλως
748 4005 913 4088 ἐκδέχεσθαι,
929 4005 974 4063 ’ἶνα
992 4006 1084 4085 πόρρω
1102 4005 1229 4069 ὑπονοίας
1248 4006 1360 4085 αἰσχρᾶς
1380 4005 1399 4080 ᾖ
1419 4003 1452 4059 τὰ
1472 4000 1553 4082 λεγθ-

432 4128 511 4182 μενα,
528 4105 573 4162 ’ίνα
589 4105 636 4161 τὸν
656 4104 704 4179 μὶν
724 4103 877 4186 ριλοσδρως
896 4103 1081 4183 τεθραμμένον
1102 4101 1145 4160 διά
1162 4109 1217 4159 τῶν
1237 4100 1316 4160 είδὼν
1332 4099 1398 4179 λέγῃ
1414 4100 1553 4180 τυγγάνειν

430 4207 486 4262 τῶν
505 4202 598 4261 καλῶν
616 4210 833 4284 καταρρονοῦντα
853 4207 901 4260 τοῦ
923 4203 1052 4274 αἰσθητοῦ
1074 4198 1192 4266 κάλλους
1215 4202 1253 4264 ὡς
1274 4197 1381 4276 ἐνάλου,
1401 4201 1447 4256 τὸν
1466 4196 1494 4255 δέ
1514 4199 1552 4273 μὴ

466 4431 513 4484 NC
534 4428 821 4484 1άλλὀίον1“πί)ι·.Α
886 4428 1124 4504 θεῇθρθαλμίαΜ
1190 4431 1210 4480 θ’
1229 4429 1301 4478 Plan.
1364 4427 1555 4480 SalomME

496 4505 658 4570 ἰλλαμψιςΜ
722 4501 1112 4568 ΊέμραίνονταιῙέκφαίνεταιΜ
1179 4499 1420 4560 12ιιαί,κῐθίπ.Α
1484 4498 1556 4549 14δέ

435 4589 489 4626 om.
506 4576 534 4625 M
599 4577 629 4625 15
646 4576 695 4642 γὰρ
712 4573 831 4637 scripsi:
851 4573 877 4624 δὲ
897 4571 959 4622 libri
1021 4570 1279 4633 τεκταίνονται
1344 4571 1374 4622 τα
1392 4569 1464 4634 αὐτὰ]
1479 4571 1555 4620 ταῦτα

438 4646 506 4696 Plat,
570 4645 602 4695 20
615 4643 704 4710 εἴποις]
721 4647 787 4695 εἴποι
803 4663 838 4703 τις
854 4646 892 4693 A·
955 4643 986 4693 23
1003 4647 1037 4706 ἐν,
1056 4647 1067 4695 έ
1082 4643 1156 4694 rubr.
1172 4647 1193 4692 A
1258 4642 1287 4692 24
1302 4643 1345 4692 καί
1363 4642 1486 4708 ἀκρατοῦς
1501 4654 1556 4690 om.

437 4719 465 4768 M
531 4715 561 4766 32
577 4719 637 4794 λέγη
653 4716 767 4780 scripsi:
784 4717 852 4782 λέγοι
868 4714 932 4764 libri
