3604 5690
389 657 435 711 ιω
772 643 912 700 ΕΡιιΕιοι·
933 641 1129 700 ψιιοεοψοι·

288 816 355 882 1185]
428 809 493 890 ρνε’.
515 809 573 866 Ἴθι
595 806 631 880 δή
656 829 711 882 μοι
732 806 909 888 ἀνάγνωθι]
931 809 989 866 262
1013 807 1051 866 l).

289 965 315 1014 p.
324 949 370 1002 186
427 946 479 1004 Δύο
495 945 595 1023 λόγους
611 943 737 1021 βούλεται
750 939 927 1024 παραύαλεῖν,
945 945 992 1000 τὸν
1007 949 1055 1000 τοῦ
1071 944 1170 1000 Λυσίου
1185 946 1230 1000 καὶ
1247 943 1252 1023 Ι
1271 945 1317 1002 τὸν
1332 947 1439 1004 ἑαυτοῦ.
1457 945 1508 1002 Καὶ

386 1045 433 1102 τὸν
452 1044 551 1101 Λυσίου
570 1041 616 1098 ἀπ’
635 1042 719 1114 αὑτῆς
739 1051 790 1113 τῆς
809 1042 897 1122 ἀρχῆς
916 1041 1034 1122 ἐλέγχει·
1056 1043 1105 1099 ούκ
1123 1035 1292 1123 ἐπεξέρχεται
1314 1041 1343 1100 δέ
1363 1051 1427 1100 πᾶσι
1447 1050 1508 1108 τοῖς

386 1142 510 1222 ἐλέγχοις
522 1143 559 1207 ὡς
571 1139 728 1221 φιλόσοφος·
744 1139 843 1219 ίχθροῦ
855 1140 907 1220 γὰρ
919 1141 953 1210 ἦν
966 1141 996 1196 τὸ
1008 1141 1097 1197 πάντα
1109 1141 1272 1221 μέμφεσθαι.
1287 1145 1339 1197 Νῦν
1350 1139 1379 1198 δέ
1391 1137 1507 1208 ἐνδειξά-

338 1246 353 1295 5
387 1262 468 1316 μενος
484 1239 562 1318 όλίγα
576 1239 733 1313 πταίσματα
746 1244 794 1294 τοῦ
811 1237 907 1316 λόγου,
924 1236 1031 1320 ἔρχεται
1046 1238 1089 1294 ἐπὶ
1105 1238 1152 1294 τὸν
1171 1240 1267 1295 έαοτοῦ
1285 1237 1366 1316 λόγον
1386 1239 1506 1317 ὑσταρον.

384 1341 439 1410 Τὴν
464 1336 492 1394 δέ
515 1338 603 1418 ἀρχὴν
624 1343 672 1393 τοῦ
694 1336 780 1413 λόγου
802 1334 923 1416 ἐλέγχει,
947 1334 1037 1408 ἐπειδὴ
1060 1337 1090 1393 τὸ
1113 1335 1238 1416 ἔντεχνον
1258 1341 1306 1392 τοῦ
1328 1333 1458 1415 λέγοντος
1481 1336 1508 1392 έν

385 1435 542 1516 προοιμίοις
564 1433 742 1516 διαφαίνεται·
765 1439 813 1490 τοῦ
834 1434 885 1513 γὰρ
905 1434 1005 1496 παντὸς
1026 1433 1111 1512 λόγου
1130 1437 1148 1506 ἡ
1169 1432 1282 1507 δύναμις
1302 1434 1330 1490 έν
1350 1435 1508 1514 προοιμίοις

387 1533 469 1594 ἐστίν.

427 1667 491 1744 ρνς’.
516 1661 583 1744 ’Ἆρ’
606 1661 661 1719 οὑν
683 1661 720 1720 οὑ
740 1663 837 1718 παντί
859 1660 973 1739 δῆλον]
997 1663 1055 1722 263
1077 1663 1114 1721 Α.

325 1806 357 1857 10
428 1799 488 1858 εὈτι
506 1800 559 1856 ἀπὸ
580 1807 631 1870 τῆς
650 1799 739 1879 ἀρχῆς
760 1796 928 1878 διαφαίνεται
942 1801 957 1854 ὁ
971 1799 1069 1855 Λυσίου
1088 1797 1170 1876 λόγος
1187 1797 1311 1879 ἄτεχνος,
1327 1799 1371 1856 καὶ
1386 1798 1509 1880 ἀτέχνως

387 1899 547 1978 μετέρχεται
558 1897 591 1954 τδι
604 1905 655 1968 τῆς
669 1897 834 1966 ὑποθέσεως,
846 1894 945 1967 δῆλον·
963 1901 1070 1976 πρῶτον
1084 1894 1197 1975 μὲνγὰρ
1213 1893 1305 1967 ἐπειδὴ
1318 1901 1373 1953 τῶν
1386 1896 1509 1975 πραγμύ-

386 2018 440 2053 των
455 1995 488 2051 τδι
504 1995 552 2068 μέν
567 1993 635 2051 έστιν
650 1991 730 2066 ἁπλᾶ,
749 1995 781 2049 τα
796 1989 825 2048 δέ
839 1989 993 2072 ἀμφίὺολα,
1010 1989 1064 2049 ἔδει
1083 1993 1163 2049 αὑτὸν
1183 1989 1280 2050 διελεῖν
1303 1993 1333 2049 τδ
1354 1989 1511 2073 δμφίὺολον

387 2092 472 2168 δνυμα
486 2097 534 2150 τοῦ
549 2089 660 2171 ἔρωτος,
676 2093 721 2147 καί
737 2091 821 2148 είπεῖν
835 2092 903 2148 κατὰ
918 2091 1000 2148 ποίου
1015 2087 1114 2170 έρωτος
1130 2089 1203 2168 λέγει
1217 2093 1250 2148 τὰ
1264 2090 1409 2170 λεγόμενα,
1424 2111 1511 2148 κατα-

386 2191 591 2270 ριθμησάμενον
606 2191 638 2246 τὰ
654 2189 843 2264 σημαινόμενα
856 2193 905 2245 τοῦ
918 2190 1091 2269 πράγματος,
1102 2188 1147 2246 ἵνα
1161 2195 1253 2270 σαφῶς
1264 2195 1373 2268 γνῶμεν
1386 2191 1416 2246 τό
1431 2189 1512 2268 λεγό-

324 2299 354 2348 15
388 2311 478 2365 μενον.
495 2287 597 2346 Είδέναι
612 2285 640 2344 δέ
654 2285 694 2344 δεῖ
710 2287 750 2342 ότι
765 2286 830 2342 αὐτὸ
845 2285 893 2360 μέν
905 2287 936 2343 τῦ
947 2293 1069 2366 πρᾶγμα,
1082 2287 1117 2352 ὡς
1129 2294 1175 2344 νῦν
1187 2289 1202 2344 ό
1214 2284 1292 2367 έρως,
1306 2288 1367 2352 τοῦς
1380 2285 1512 2350 ἐναντίους

388 2385 554 2452 ἐπιδέξασθαι
569 2385 697 2467 όρισμοῦς
713 2385 744 2442 ού
760 2383 869 2442 δύναται
885 2383 954 2464 [πῶς
966 2386 1016 2464 γὰρ
1029 2386 1060 2442 τὸ
1076 2385 1199 2442 αὐτὸκαὶ
1214 2384 1299 2443 καλὸν
1313 2386 1359 2442 καί
1373 2387 1411 2460 μή
1427 2384 1512 2442 καλὸν

389 2483 499 2542 δύναται
518 2483 613 2564 εἶναι;)
633 2483 701 2540 κατὰ
719 2481 809 2546 δετὰς
826 2481 978 2558 ὑπολήψεις
993 2483 1040 2547 τδις
1054 2484 1114 2562 περὶ
1132 2483 1214 2541 αὑτοῦ
1229 2483 1342 2541 δυνατὸν
1360 2483 1423 2548 τοῦς
1440 2483 1512 2540 ἐναν-

388 2581 460 2647 τίους
480 2583 549 2640 εἶναι
569 2581 711 2660 ὁρισμούς.
732 2577 804 2636 Ἔδει
824 2577 871 2635 οῦν
890 2579 970 2636 αὑτὸν
994 2579 1078 2637 εἰπεῖν
1098 2579 1123 2636 τί
1143 2578 1198 2637 έστι
1216 2581 1246 2637 τὸ
1264 2581 1455 2660 προκείμενον,
1470 2580 1515 2636 ’ίνα

389 2677 500 2762 έχωμεν
513 2679 612 2760 ἐρεῖσαι
625 2681 674 2750 τὴν
689 2675 807 2734 διάνοιαν
821 2678 889 2734 κατὰ
902 2677 976 2740 τίνος
992 2678 1065 2758 φέρει
1078 2679 1112 2734 τὰ
1126 2676 1271 2757 λεγόμενα·
1288 2679 1319 2736 ού
1336 2677 1444 2736 δύναται
1462 2679 1513 2758 γὰρ

327 2786 359 2838 20
390 2779 469 2849 ότὴν
484 2774 615 2848 ἀλήθειαν
631 2776 736 2854 ἀγνοῶν
751 2775 801 2846 τὴν
815 2775 892 2855 φύσιν
906 2780 954 2831 τοῦ
971 2772 1127 2854 ὑμφιὺόλου
1141 2777 1303 2855 πράγματος
1319 2773 1425 2834 είδέναι·
1442 2776 1513 2832 ὥστε

390 2878 405 2932 ὑ
420 2875 493 2940 τάξει
508 2874 595 2952 λέγων
609 2873 699 2954 ῥητωρ
714 2873 818 2954 ὀφείλει
832 2871 974 2951 έγνωκέναι
989 2872 1023 2928 τδι
1041 2872 1198 2952 πράγματα,
1217 2873 1331 2954 πότερον
1351 2873 1443 2945 ἁπλῆς
1464 2873 1514 2954 φύ-

392 2972 459 3036 σεώς
481 2971 547 3028 είσιν
566 2971 584 3042 ἢ
602 2969 791 3042 πολυπλόκου,
806 2969 852 3027 ’ἱνα
866 2975 924 3034 τοῖς
937 2968 1034 3041 δήλοις
1052 2967 1154 3035 ἁπλοῦς
1168 2970 1231 3036 τοὺς
1248 2971 1346 3049 λόγους
1360 2969 1439 3049 λέγη,
1455 2976 1512 3034 τοῖς

393 3069 421 3128 δέ
438 3069 575 3134 ποικίλοις
595 3070 774 3149 ἁρμόζοντας.
793 3067 820 3124 '0
835 3069 886 3147 γὰρ
903 3069 941 3142 μὴ
959 3066 1038 3132 είδὼς
1053 3069 1086 3124 τὰ
1103 3074 1227 3140 τοιαῦτα,
1244 3068 1300 3126 οὐδ’
1314 3068 1346 3126 ἂν
1363 3075 1400 3147 τῷ
1416 3066 1514 3140 ιἰληθεῖ

392 3170 541 3250 περιτύχῃ,
559 3167 665 3226 δύναται
680 3166 814 3247 διακρῖναι
828 3167 892 3223 αὑτό
909 3166 1024 3223 ἀπὸτοῦ
1045 3165 1170 3242 ψεύδους.
1186 3163 1352 3248 ’Δμφιύόλου
1369 3165 1416 3223 οὑν
1437 3163 1512 3229 δντος

332 3277 362 3328 25
394 3275 443 3325 τοῦ
457 3265 555 3348 ἔρωτος
566 3268 611 3324 καὶ
626 3265 723 3324 διπλοῦ
738 3264 781 3322 διὰ
793 3265 840 3329 τὰς
856 3269 911 3320 τῶν
926 3263 1033 3322 πολλῶν
1049 3265 1213 3340 ὑπολήψεις,
1230 3265 1275 3322 καί
1290 3269 1337 3321 τοῦ
1353 3265 1402 3339 μἐν
1417 3261 1511 3333 καλοῦ,

394 3372 441 3424 τοῦ
465 3364 493 3422 δέ
516 3365 643 3446 αἰσχροῦ,
670 3367 708 3440 μὴ
734 3362 919 3442 διορισάμενος
943 3363 1005 3441 περὶ
1029 3361 1109 3419 ποίου
1136 3361 1222 3442 λέγει,
1249 3363 1339 3442 ἀσαφῆ
1364 3363 1409 3420 τὸν
1433 3359 1514 3440 λόγον

395 3463 517 3536 ἐποίησε·
533 3465 577 3519 καὶ
591 3461 705 3520 ἄτακτον
721 3459 759 3534 δὲ,
778 3459 870 3533 ἐπειδὴ
886 3461 939 3516 ἀπὸ
953 3466 1008 3518 τῶν
1023 3460 1140 3541 ὑστέρων
1159 3457 1302 3541 ἤρξατο,’δ
1319 3459 1417 3536 μέλλει
1436 3459 1513 3538 έγκα-

395 3561 452 3619 λεῖν
471 3567 508 3640 τῷ
527 3560 611 3638 λόγῳ,
631 3562 677 3616 καὶ
695 3560 909 3634 δνοικσνόμητον
931 3557 1067 3631 ἐποίησεν.
1090 3557 1167 3638 Ὁρᾷς
1186 3559 1234 3616 οῦν
1254 3558 1295 3616 ότι
1315 3559 1361 3614 καὶ
1382 3557 1515 3639 όριστικδν

398 3659 528 3737 βούλεται
553 3659 620 3716 εἶναι
643 3660 689 3714 τὸν
713 3657 814 3737 ῥήτορα
836 3657 881 3713 καί
909 3655 1067 3738 διαιρετικὸν
1090 3658 1135 3713 καὶ
1161 3655 1251 3714 εἰδότα
1277 3657 1323 3721 τόις
1346 3657 1436 3737 φύσεις
1459 3660 1515 3712 τῶν

336 3769 366 3818 36
397 3758 573 3839 πραγμάτων.

437 3889 504 3970 ρνζ’,
529 3890 775 3964 Ὀμονοητικῶς
797 3883 929 3969 ἔχομεν]
951 3889 1009 3946 263
1031 3888 1068 3948 Α.

437 4035 499 4089 Οἷυν
512 4031 576 4088 ὅταν
588 4028 659 4087 είπω
671 4028 744 4086 λίθον
757 4030 775 4100 ἢ
790 4022 879 4101 ξύλον,
891 4028 988 4090 πάντες
1002 4027 1045 4085 ἐπὶ
1053 4030 1085 4085 τὰ
1096 4028 1162 4085 αὑτὰ
1173 4028 1312 4108 φιρύμεθα
1322 4025 1515 4091 ἀστασιάστως·

397 4135 458 4210 περὶ
472 4128 500 4185 δὲ
518 4130 550 4184 τὰ
564 4127 654 4184 δίκαια
668 4129 712 4182 καὶ
728 4125 898 4208 συμφέροντα
910 4125 1102 4208 διαφερόμεθα,
1120 4125 1203 4184 διὰτὸ
1219 4129 1258 4202 μὴ
1273 4126 1376 4188 πάντας
1391 4127 1516 4203 ὁμογνω-

400 4234 492 4302 μονεῖν
507 4228 567 4304 περί
583 4226 680 4284 αὑτῶν.
696 4225 800 4304 Τρύπον
816 4224 863 4280 σύν
878 4245 938 4282 τινα
952 4223 1064 4282 ἐνταῦθα
1076 4226 1127 4296 τήν
1142 4225 1213 4295 ὑλην
1231 4233 1282 4297 τῆς
1297 4224 1443 4303 ῥητορικῆς
1458 4223 1515 4280 ἐπι-

336 4339 365 4390 35
398 4325 510 4384 δεικνύει
523 4327 602 4399 ἡμῖν,
619 4325 659 4380 ότι
673 4321 734 4402 περὶ
749 4324 781 4378 τὰ
796 4315 937 4402 ἁμφίῦολα
952 4319 1011 4402 έχει
1025 4323 1056 4379 τὸ
1071 4323 1150 4381 εἶναι.

430 4483 491 4534 ΤΙΤ
507 4483 522 4532 7
539 4487 629 4542 παντός
649 4481 718 4544 (cod.
736 4481 837 4547 πατρὸς)
850 4483 928 4544 λόγον
946 4482 961 4542 ἡ
976 4475 1078 4542 δύναμις
1092 4483 1118 4530 έν
1130 4482 1272 4546 προοιμίοις
1286 4483 1351 4532 ἐστίν
1367 4479 1388 4530 C

430 4599 476 4649 Nc
494 4600 506 4648 1
523 4602 564 4659 ἴθι,
578 4599 672 4649 [rubr.
685 4602 708 4647 Α
772 4598 787 4648 2
805 4597 977 4663 [παραβαλεῖν
987 4611 1004 4645 a
1018 4597 1045 4646 in
1061 4610 1147 4661 marg.
1160 4607 1166 4646 :
1181 4600 1333 4663 παραλαθιῐν
1346 4599 1384 4647 Αι
1396 4601 1424 4648 σί
1436 4596 1519 4649 aeteri

460 4665 696 4737 9διρ’,διι·υὺτ.Α
760 4667 1122 4734 ῙθόλόγοςεοὺΛυσίουΜ
1186 4667 1338 4732 22λέγοιΑ
1402 4668 1518 4734 ξέπιρι·

397 4736 470 4806 τύχοι
487 4740 548 4790 libri
611 4737 640 4791 31
658 4744 837 4803 ὁμονοητικῶς,
854 4743 867 4790 ό
882 4739 955 4788 rubr.
971 4739 1010 4788 A:
1029 4739 1173 4802 όμονοήτως
1189 4737 1210 4788 E
1225 4752 1231 4787 ἱ
1249 4738 1278 4790 οὑ
1295 4743 1370 4803 μόνον
1385 4747 1519 4803 ποιητικῶς

400 4811 470 4863 Plat.
487 4812 547 4862 cod.
570 4812 593 4862 B
657 4810 687 4860 32
708 4813 910 4870 ἀστασιαστικῶς
932 4807 961 4861 Μ
1026 4810 1055 4860 35
1077 4806 1183 4861 διικνύέι
1206 4809 1257 4860 ΕΜ
