3660 5686
421 583 453 632 58
804 571 944 622 ΕΡΜΕΙΟΥ
965 571 1162 622 ΦΙΛΟΣΟΦΟΥ

339 740 388 808 [89]
422 727 553 801 Κτόματα
572 724 600 782 δέ
617 724 694 783 καλεῖ
708 726 795 782 πάντα
813 725 845 782 τὰ
860 725 948 796 έκτδς,
966 727 1011 784 καὶ
1026 725 1122 808 διαιρεῖ
1139 727 1205 784 αὐτὰ
1217 729 1255 792 είς
1269 728 1339 807 τρία,
1355 725 1484 806 πατέρας,
1501 726 1544 808 ρι’·

425 823 502 894 λους,
518 827 659 905 χρήματα,
673 824 718 881 καί
732 823 863 881 δείκνυσιν
876 825 917 880 ότι
929 824 957 881 έν
969 833 1033 882 πᾶσι
1046 827 1151 889 τούτοις
1167 821 1301 904 βλαόερός
1315 825 1385 882 έστιν
1398 827 1412 880 6
1425 830 1547 889 τοιοῦτος
1602 841 1605 848 “

425 921 536 1002 ἐραστὴς
549 928 588 997 τῷ
603 922 742 1002 ἐρωμένῳ·
760 921 820 981 οῦτε
836 924 886 1004 γὰρ
904 923 1017 1004 πατέρας
1035 922 1161 1002 βούλεται
1179 924 1259 982 αὐτὸν
1278 919 1353 1005 ἔχειν
1373 922 1434 982 οῦτε
1453 923 1545 1005 ρίλους

426 1017 486 1076 οῦτε
500 1023 642 1102 χρήματα.

380 1191 395 1238 5
467 1180 522 1245 νς’.
546 1177 633 1235 ’Ἐστι
656 1178 712 1252 μέν
738 1176 774 1249 δὴ
799 1178 853 1234 καί
879 1177 958 1235 ἀ’λλα
980 1180 1075 1256 κακέ]
1101 1181 1160 1238 240
1182 1179 1219 1239 Β.

470 1317 606 1376 Ἐντεῦθεν
623 1318 717 1375 λοιπόν
737 1319 778 1375 ότι
796 1319 841 1375 καὶ
861 1317 963 1392 ἀηδής
983 1320 1037 1376 έστι
1056 1327 1093 1396 τῷ
1115 1321 1274 1402 έρωμένῳό
1294 1327 1416 1386 τοιοῦτος
1437 1321 1550 1402 έραατὴς

428 1419 473 1474 καί
490 1418 539 1474 οῦκ
557 1417 715 1497 εόρρόσυνος
731 1415 859 1487 δείκνυσι,
877 1419 923 1474 καί
944 1441 1024 1499 φησιν
1042 1421 1082 1476 ότι
1097 1416 1152 1476 ἔστι
1164 1421 1222 1476 τινὰ
1235 1421 1304 1476 κακέ
1318 1421 1475 1500 πράγματα,
1492 1421 1552 1476 οἷον

429 1519 474 1573 καί
495 1519 509 1573 6
530 1509 632 1581 κόλαξ
652 1518 696 1573 καὶ
716 1520 734 1586 ἡ
757 1518 871 1596 έταίρα
893 1519 982 1594 (κακοί
1004 1519 1054 1598 γέρ
1076 1520 1140 1576 εἰσιν
1160 1520 1233 1576 οῦτοι
1255 1519 1296 1576 ότι
1317 1520 1384 1599 πρὸς
1404 1520 1490 1583 πάθος
1511 1517 1554 1574 ἀεὶ

431 1620 569 1672 ποιοῦνται
591 1615 655 1680 τοῦς
680 1613 791 1695 λόγους)
814 1621 861 1672 τοῦ
886 1617 987 1673 οἰκείου
1014 1615 1124 1696 κέρδους
1147 1615 1236 1674 ένεκεν
1262 1618 1308 1673 καί
1333 1613 1485 1683 ἐξαπατῶσι
1510 1616 1555 1671 καί

368 1726 400 1776 10
431 1714 585 1793 ἐπιορκοῦσι
602 1715 648 1770 καὶ
665 1711 822 1792 προδιδόασι
840 1711 976 1778 πολλάκις
998 1721 1092 1794 μικροῦ
1113 1716 1237 1796 ἀργυρίου
1252 1716 1297 1773 τὸν
1316 1714 1446 1773 δοκοῦντα
1461 1713 1553 1778 αὐτοῖς

432 1809 522 1892 ρίλον·
537 1809 601 1868 ἀλλ’
614 1811 691 1886 ὅμως
704 1812 782 1892 ιρόσει
794 1809 870 1876 ’όντες
887 1814 977 1889 κακοί,
989 1811 1065 1884 ἡδεῖς
1079 1815 1127 1870 είσι
1141 1819 1199 1878 τοῖς
1217 1819 1336 1886 συνοῦσι,
1352 1813 1397 1870 καί
1413 1814 1556 1892 τέρπονται

433 1910 525 1974 αὐτοῖς
539 1911 564 1966 οί
578 1911 700 1974 συνόντες
713 1912 757 1966 καί
768 1911 894 1990 χαίρουσι
906 1932 940 1986 τῃ
953 1911 1051 1986 ὁμιλία
1064 1911 1163 1970 αὐτῶν.
1177 1917 1221 1986 Τῷ
1233 1910 1261 1968 δέ
1274 1911 1403 1991 ἐρωμένῳ
1415 1913 1430 1967 6
1444 1911 1557 1991 ἐραστὴς

433 2010 477 2065 καί
497 2009 534 2073 τίς
550 2009 689 2065 συνουσίαν
705 2010 750 2064 καί
764 2008 877 2081 ὁμιλίαν
893 2009 991 2081 ἀηδής·
1009 2008 1147 2081 ἀηδίζεται
1162 2012 1212 2090 γὰρ
1225 2011 1296 2088 δρῶν
1313 2011 1327 2066 6
1343 2009 1402 2074 νέος
1421 2005 1556 2090 πρεσόυ-

433 2109 527 2178 τικὴν
550 2104 623 2182 ὄψιν
644 2106 858 2178 ἀπεσκληκυϊαν,
882 2107 923 2163 ἀεὶ
944 2108 1010 2186 πρὸς
1035 2108 1155 2185 ἀνάγκην
1180 2107 1330 2182 ὁμιλοῦντα
1354 2108 1428 2182 αὐτῷ
1448 2111 1494 2163 καί
1516 2109 1555 2182 μή

373 2218 402 2266 15
435 2205 522 2262 έῶντα
537 2204 617 2261 αὐτὸν
631 2203 781 2282 συνδιόγειν
794 2211 851 2269 τοῖς
865 2205 994 2280 όμτίλιξιν
1009 2208 1115 2276 έαυτοῦ,
1131 2205 1201 2281 μηδέ
1214 2206 1281 2262 όπου
1296 2205 1426 2284 βούλεται
1439 2205 1556 2264 ἀπιέναι.

437 2303 558 2378 Δαίμονα
578 2303 627 2377 μέν
647 2301 692 2360 οὖν
710 2303 768 2360 εἶπε
790 2299 866 2376 μῖξαι
884 2311 923 2379 τῷ
942 2304 1037 2362 κόλακι
1053 2308 1099 2361 καί
1116 2313 1174 2369 τοῖς
1189 2306 1321 2367 τοιούτοις
1340 2310 1435 2368 κακοῖς
1450 2305 1480 2359 τό
1494 2301 1557 2378 ἡδῦ,

330 2405 420 2456 1⁸34?
438 2400 530 2472 ἐπειδὴ
553 2402 605 2458 ἀπὸ
626 2407 673 2458 τοῦ
695 2400 839 2476 δαιμονίου
858 2402 953 2480 γένους
975 2403 1089 2482 πρώτως
1110 2401 1221 2483 ἄρχεται
1241 2406 1259 2474 ἡ
1281 2407 1337 2459 τῶν
1359 2402 1466 2480 ἀγαθῶν
1489 2401 1494 2481 Ι
1516 2402 1560 2457 καίΙ

436 2506 527 2557 κακῶν
544 2499 680 2580 διαίρεσις·
701 2509 754 2557 πᾶν
775 2503 826 2580 γὰρ
847 2503 877 2558 τὸ
897 2502 961 2580 ὑπὲρ
980 2502 1009 2557 τό
1027 2500 1166 2576 δαιμόνιον
1183 2502 1262 2580 γένος
1284 2499 1432 2576 μονοειδῶς
1453 2499 1511 2582 ἔχει
1529 2501 1560 2556 τὸ

438 2599 551 2678 ἀγαθόν.
570 2600 656 2656 Ἔστιν
676 2598 723 2656 οῦν
739 2621 798 2656 τινα
817 2599 882 2678 γένη
904 2597 1039 2673 δαιμόνων
1057 2601 1090 2655 ταὶ
1110 2600 1159 2674 μέν
1180 2597 1291 2678 μερίδας
1307 2600 1381 2664 τινὰς
1396 2604 1443 2656 τοῦ
1456 2599 1561 2673 κόσμου

376 2709 407 2758 20
438 2703 660 2772 κατακοσμοῦντα
680 2699 726 2753 καί
747 2697 961 2777 ἐπιτροπεύοντα,
984 2698 1017 2753 τὰ
1039 2694 1067 2753 δέ
1088 2695 1148 2768 εἶ’δτ,
1171 2698 1227 2754 τινὰ
1250 2696 1336 2770 ζῴων.
1358 2697 1489 2776 Κατέχειν
1514 2693 1561 2752 οῦν

439 2795 596 2863 σπουδάζων
609 2795 656 2860 τὰς
672 2797 762 2877 ψυχὰς
778 2797 815 2860 είς
830 2796 875 2852 τόν
891 2797 985 2852 ἑαυτοῦ
999 2795 1103 2874 κλῆρον
1118 2797 1176 2851 οἷον
1194 2797 1231 2860 είς
1247 2793 1350 2852 ἀδικίαν
1366 2795 1383 2865 ἢ
1402 2792 1560 2861 ἀκολασίαν,

440 2894 533 2974 δέλεαρ
556 2897 605 2966 τὴν
628 2892 749 2964 ἡδονὴν
771 2896 821 2964 τὴν
845 2893 876 2950 έν
898 2899 941 2966 τῷ
965 2894 1152 2971 παραυτίκα
1176 2891 1350 2970 ἁναμίγνυσιν
1378 2891 1405 2947 έν
1429 2890 1523 2954 αὐταῖς
1549 2891 1563 2945 6

440 2987 538 3072 ἔφορος
550 2987 630 3061 τῆσδε
642 2998 692 3061 τῆς
709 2993 782 3060 ζωῆς
796 2988 909 3063 δαίμων.
924 2988 1018 3046 ΙἈλλοι
1031 2988 1059 3046 δέ
1071 2990 1139 3053 τινές
1153 2989 1203 3046 είσι
1214 2988 1317 3044 τοότων
1331 2981 1563 3059 έπαναόεόηκότες

443 3089 569 3163 δαίμονες
593 3090 619 3146 οί
639 3086 765 3153 κολάσεις
790 3087 970 3162 ἐπιπέμπουσι
992 3094 1052 3151 ταῖς
1074 3091 1175 3167 ψυχαῖς
1200 3086 1399 3165 ἐπιστρέφοντες
1423 3083 1504 3148 αῦτέις
1529 3085 1565 3146 είς

379 3204 409 3254 25
441 3188 608 3266 τελεωτέραν
622 3189 666 3244 καὶ
683 3189 827 3268 ὑπερτέραν
843 3189 928 3259 ζωήν.
945 3189 995 3243 Καί
1011 3185 1074 3249 τοῦς
1093 3187 1142 3261 μέν
1156 3186 1280 3266 πρώτους
1298 3184 1494 3262 ἀποτρέπεσθαι
1511 3179 1563 3250 δεῖ,

440 3287 501 3350 τοῦς
515 3285 544 3343 δέ
557 3285 691 3366 δευτέρους
706 3283 930 3360 ἐξευμενίζεσθαι.
948 3286 1002 3341 Eia}
1017 3284 1044 3341 δέ
1057 3286 1102 3340 καῖ
1117 3281 1199 3341 ἀ’λλοι
1218 3281 1368 3364 κρείττονες
1387 3279 1515 3354 δαίμονες
1533 3279 1566 3334 τὰ

443 3387 530 3464 ἀγαθέ
546 3385 694 3460 μονοειδῶς
711 3385 917 3459 ἐπιπέμποντες.
939 3418 978 3428 -
999 3384 1062 3439 Οῦκ
1083 3381 1230 3458 δι’μουσον
1252 3380 1280 3438 δέ
1300 3378 1426 3452 ἡδονὴν
1448 3381 1498 3448 τὴν
1518 3383 1567 3434 τοῦ

443 3486 562 3549 κόλακος
587 3484 645 3542 εἶπε
669 3483 710 3540 διὰ
733 3485 762 3540 τὸ
785 3483 859 3548 ὅπως
883 3484 948 3539 ποτὲ
973 3481 1121 3560 βούλεσθαι
1145 3480 1225 3538 αὐτὸν
1249 3479 1502 3558 συναρμόζιαθαι...
1528 3511 1568 3518 -

445 3582 550 3655 Ἐπειδὴ
576 3582 603 3640 δέ
628 3582 712 3640 εἶπεν·
739 3580 840 3653 ἥλικα
863 3583 922 3660 γὰρ
945 3582 1000 3636 καί
1023 3581 1037 3636 6
1061 3580 1205 3642 παλαιὸς
1231 3578 1333 3655 λόγος
1356 3576 1488 3655 τέρπειν
1514 3574 1567 3629 τὸν

385 3693 415 3742 30
446 3682 562 3754 ἥλικα,
586 3683 725 3753 ζητήσειεν
745 3679 774 3735 ἄν
792 3701 830 3743 τις
849 3679 984 3757 εὐλόγως·
1006 3701 1020 3732 «
1036 3677 1062 3732 τί
1079 3676 1138 3750 οῦν;
1159 3677 1208 3734 οῦκ
1224 3675 1254 3733 διν
1274 3677 1398 3746 μαθητὴς
1415 3669 1569 3745 διδασκάλῳ

479 3947 509 3997 17
526 3944 610 4008 ἐπειδὴ
624 3971 656 3980 -·
670 3943 700 3994 27
714 3945 892 4005 ἐπιπέμποντες
909 3915 1051 4002 jam'edid.
1070 3938 1130 3988 Vrrr
1149 3937 1244 3987 Οοιιιιο
1261 3935 1296 3985 ad
1315 3934 1416 3998 Porph.
1434 3933 1468 3983 de
1486 3939 1571 3983 antro

450 4016 606 4141 μριιγρίγγμ.
621 4017 651 4066 94
666 4029 701 4066 ex
718 4015 748 4065 Ρ.
812 4014 843 4064 22
860 4015 946 4079 δέλεαρ
959 4011 994 4062 σί.
1011 4008 1153 4074 8ορ1ι.222
1168 4008 1202 4068 E;
1223 4007 1294 4058 Tim.
1310 4007 1341 4056 69
1356 4007 1380 4056 D
1445 4006 1476 4056 29
1490 4005 1536 4054 240
1550 4003 1571 4053 Ο

484 4229 531 4279 NG
551 4229 566 4278 5
585 4229 645 4287 ἔστι,
665 4225 774 4289 ἔπαυε.
795 4227 818 4272 Α
881 4219 898 4270 Β
919 4219 1005 4282 κόλαξ]
1029 4217 1109 4285 κόραξ
1133 4218 1159 4266 Μ
1183 4215 1249 4278 {jam
1269 4219 1424 4264 correxerat
1445 4213 1510 4270 Αοτί

451 4303 466 4350 9
483 4304 526 4352 καί
545 4307 610 4350 ante
627 4301 768 4356 ἐξαπατῶσι
784 4307 841 4344 om.
860 4293 886 4341 Μ
954 4291 983 4341 10
1002 4287 1161 4357 προδιδόασι]
1180 4287 1347 4353 προσδιδόασι
1369 4286 1396 4333 Μ
1463 4281 1493 4331 13
1508 4283 1573 4346 ὁρῶν

453 4377 466 4424 ό
480 4372 544 4435 νέος]
560 4377 573 4424 ό
588 4374 642 4428 νέος
657 4373 723 4435 όρῶν
737 4367 765 4416 Μ
830 4365 887 4431 ι’ίψιν
900 4365 1068 4431 πρεσὸυτέραν
1082 4361 1154 4410 plat.
1168 4358 1248 4410 2401)
1314 4357 1343 4405 14
1362 4357 1532 4418 ἀπεσληκυῐαν
1544 4349 1571 4398 Μ

515 4445 545 4493 16
564 4445 630 4507 μίξαι
650 4441 711 4490 libri
776 4437 806 4486 18
822 4433 1057 4502 ῦπερδαιμόνιονΡ
1121 4427 1316 4495 θθκατέχειῦ
1380 4425 1409 4476 21
1426 4420 1574 4480 σπουδάζων

454 4520 532 4566 As'r:
551 4511 684 4572 σπουδάζει
704 4509 789 4560 Arm}
808 4523 813 4559 2
831 4505 978 4565 σπουδάζειν
1000 4505 1052 4554 ΒΜ
1118 4499 1321 4565 ἠτίκολαοίαΡ
1386 4497 1417 4546 22
1441 4498 1525 4552 δέλτος
1545 4493 1573 4540 Μ

517 4582 710 4652 ἀναμιγνύονί)
774 4581 804 4631 23
821 4581 1015 4645 ὑπερθεὸηκότες
1030 4580 1066 4626 Αι
1131 4576 1161 4623 25
1175 4574 1327 4637 τελειοτέραν
1343 4573 1380 4618 Α·
1432 4567 1463 4618 26
1478 4569 1577 4630 ἐξευρε-

454 4661 562 4718 νίζεσθαι
577 4661 614 4706 A*
679 4658 795 4718 δαίμονες
810 4655 865 4703 οί...
880 4653 1062 4712 έπιπέμπουσιν
1082 4649 1119 4695 ΑΙ
1182 4644 1214 4693 28
1235 4640 1372 4691 sententia
1393 4638 1576 4689 videturesse

457 4743 555 4780 manca
