3604 5690
483 549 537 600 ΕΙΣ
558 551 619 602 ΤΟΝ
642 545 818 602 ammon
838 549 979 602 ΦΑΙΔΡΟΝ
1003 546 1127 602 SxOAlA
1316 561 1363 612 237

149 709 207 772 [190]
282 699 358 778 ρλβ’.
382 699 488 756 Καλόν
509 701 570 757 ποθ
591 700 669 758 τιᾶν
690 699 754 782 εἰη]
776 702 834 762 266
856 702 895 761 D.

282 845 330 902 Καὶ
342 843 368 900 τί
379 843 435 901 ἐστι
448 843 535 902 καλὸν
549 846 564 901 δ
578 843 704 901 τούτων
718 843 917 925 ἀπολειφθὲν
931 851 986 902 τῶν
1003 845 1165 924 εἰρημένων,
1177 847 1310 920 ἀληθείας
1320 849 1364 904 καί

242 944 361 1022 ὁρισμῶν
381 941 426 998 καὶ
448 940 613 1022 διαιρέσεως,
638 939 747 998 δύναται
767 943 864 1022 τέχνη
887 937 1087 1018 λαμθένεσθιιι;
1113 943 1215 1022 Ἤγουν
1239 944 1267 1001 έν
1291 943 1361 1016 ἤθει·

244 1065 258 1094 ιι
275 1041 311 1106 ὡς
322 1037 406 1116 ἔοικε,
421 1039 506 1097 καλόν
521 1039 576 1096 έστι
587 1045 668 1097 τοῦτο
681 1041 696 1097 ὃ
711 1037 915 1120 ἀπολειφθὲν
929 1046 985 1096 τῶν
999 1042 1149 1120 εἰρημένων
1165 1041 1253 1116 δμως
1267 1044 1362 1122 τέχνη

195 1127 209 1175 5
243 1133 462 1214 λαμὸάνεται·
485 1137 574 1209 ἐπειδὴ
594 1137 643 1196 οὖν
662 1135 752 1216 λέγεις
772 1137 858 1196 καλὸν
877 1139 954 1210 αὐτὸ,
975 1139 1036 1196 οὐκ
1056 1139 1269 1215 ἀτιμαστέον,
1291 1139 1364 1198 ἀλλὲ

242 1230 362 1302 ἐξετάσαι
374 1235 416 1294 δεῖ
428 1235 452 1293 εί
467 1233 556 1308 ἀληθῆ
570 1236 670 1314 λέγεις,
684 1237 728 1292 καὶ
741 1233 851 1293 δύναται
865 1233 924 1293 ἄνευ
936 1243 989 1292 τῶν
1003 1237 1152 1317 εἰρημένων
1167 1231 1362 1312 λαμθανομένη

239 1336 323 1416 τέχνη
344 1335 424 1404 ιίναι,
447 1334 583 1392 λεκτέον
604 1331 637 1390 δὲ
655 1334 678 1391 εἰ
696 1331 804 1391 δύναται
823 1333 896 1398 θλως
915 1334 998 1415 τέχνη
1015 1335 1084 1392 εἰναι
1098 1337 1202 1392 τούτων
1216 1333 1364 1394 ἀπολειπο-

244 1433 323 1507 μένη·
341 1457 357 1488 ι

283 1584 356 1666 μέγ’.
379 1585 414 1642 Τί
437 1585 553 1660 μέντοι
573 1588 627 1643 καί
648 1585 748 1664 ἔστιν]
773 1587 832 1644 266
854 1585 893 1644 D.

180 1743 212 1792 10
284 1727 389 1800 Ἐπειδὴ
410 1729 484 1786 εἶπεν
504 1729 545 1786 θ’τι
563 1731 596 1786 τίι
614 1729 740 1809 εἰρημένα
760 1735 797 1808 τῷ
817 1727 979 1808 διαλεκτικῷ
995 1730 1116 1809 ἁρμόζει,
1133 1737 1170 1809 τῷ
1186 1728 1215 1788 δὲ
1231 1730 1364 1810 ῥητορικῷ

147 1839 225 1906 ρ.191
243 1825 380 1902 οὐδαμῶς,
397 1825 441 1884 διὰ
455 1828 535 1885 τοῦτο’
550 1849 631 1909 φησιν
647 1851 662 1883 ιι
679 1825 786 1902 ἰδωμεν
800 1827 825 1885 τί
843 1827 848 1904 Ι
865 1828 930 1886 ποτέ
950 1827 1018 1884 έστι
1036 1827 1071 1883 τὸ
1090 1827 1293 1908 λειπόμενην
1309 1835 1364 1900 τῆς

244 1926 422 2006 ῥητορικῆς
436 1931 471 1998 ἧς
488 1926 518 1983 σθ
534 1923 634 2005 λέγεις.
654 1951 668 1982 ν
685 1925 713 1981 '0
726 1924 755 1983 δέ
767 1931 829 1990 νοῦς
844 1926 954 1984 πάντων
967 1931 1022 1982 τῶν
1037 1921 1099 1998 έξης
1114 1925 1270 2003 λεγομένων
1284 1925 1364 1990 οὗτος

245 2023 324 2096 ἐστιν,
341 2024 383 2080 ὅτι
397 2024 430 2082 τίι
447 2024 582 2104 προοίμια
597 2025 643 2080 καί
659 2027 687 2081 αἰ
705 2022 842 2102 διηγήσεις
857 2024 902 2082 καί
916 2025 944 2081 αἰ
958 2025 1060 2090 πίστεις
1076 2025 1120 2080 καί
1136 2025 1222 2082 πάντα
1238 2024 1270 2080 τὰ
1285 2024 1365 2102 ῥητο-

245 2123 305 2202 ρικὰ
318 2121 454 2203 κεφάλαια
467 2123 543 2193 καὶὴ
558 2125 613 2179 τῶν
629 2122 771 2198 ὀνομάτων
785 2124 860 2201 θήρα
873 2120 922 2179 οὐκ
936 2117 992 2179 ἔστι
1005 2121 1100 2202 τέχνη,
1117 2121 1191 2180 ἀλλὰ
1203 2123 1236 2179 τὰ
1249 2123 1364 2202 πρὸτῆς

180 2232 213 2284 15
244 2219 355 2301 τέχνης,
371 2218 444 2278 ἀλλὰ
458 2221 542 2302 τέχνη
558 2219 614 2278 έστί
627 2221 658 2277 τὸ
673 2219 749 2286 τάξαι
762 2220 904 2276 ταῦτωκαὶ
919 2217 1045 2277 δύνασθαι
1058 2219 1149 2284 αὐτοῖς
1164 2217 1281 2285 δεόντως
1295 2244 1316 2301 χ
1317 2222 1364 2300 pf,-

245 2321 350 2377 σασθαι.
371 2319 426 2376 Οίικ
444 2315 514 2376 ἔστιν
531 2317 579 2376 οὖν
597 2321 615 2390 ἡ
633 2323 688 2374 τῶν
701 2317 859 2397 κεφαλαίων
873 2318 1069 2400 καταρίθμησις
1086 2321 1103 2389 ὴ
1120 2317 1247 2398 ῥητορικὴ
1267 2319 1363 2398 τέχνη,

245 2413 319 2473 ἀλλὰ
336 2416 368 2472 τὸ
387 2413 512 2473 δύνασθαι
532 2411 627 2478 καλῶς
646 2419 705 2477 τοῖς
723 2413 883 2496 κεφαλαίοις
906 2415 944 2478 είς
966 2416 997 2472 τὸ
1019 2417 1159 2496 χρήσιμον
1182 2415 1200 2486 ἢ
1225 2413 1363 2494 έπωφελὲς

246 2517 452 2594 <χρῆσθαι>Ι

287 2675 358 2756 ρίηδ.
383 2680 439 2736 Καὶ
459 2677 568 2743 καλῶς
588 2676 620 2757 γ’
643 2679 849 2755 ὑπέμνησας]
871 2679 930 2736 266
952 2677 991 2737 D.

183 2827 216 2877 20
287 2817 435 2898 Καταλέγει
460 2819 556 2878 λοιπὸν
577 2821 611 2878 τί
634 2819 769 2899 λεγόμενα
788 2821 900 2900 τεχνικίι
919 2817 1062 2900 κεφιίλαια.
1083 2819 1117 2876 Τὸ
1135 2817 1164 2876 δί
1183 2817 1365 2898 προοίμιον

246 2918 345 2990 τιιθτην
359 2914 416 2998 ἔχει
427 2920 476 2991 τὴν
492 2916 606 2993 δύναμιν
618 2928 740 2999 προσεχῆ
753 2925 841 2975 ποιεῖν
853 2919 899 2975 τὸν
912 2917 1058 2998 ἀκροάτην,
1072 2919 1122 2988 τίγν
1135 2917 1204 2989 θ’λην
1219 2919 1365 2998 σαφήνειαν

246 3013 344 3096 ἔχοντα
357 3021 405 3073 τοῦ
419 3015 592 3097 πράγματος,
608 3016 673 3096 θ’πιρ
687 3017 833 3096 Σωκράτης
849 3015 986 3089 ἐποίησεν·
1002 3018 1017 3073 θ
1033 3013 1061 3072 δέ
1075 3016 1176 3080 Λυσίας
1192 3013 1268 3073 οὐδέν
1283 3015 1364 3096 σαφές

248 3112 275 3172 έν
297 3113 456 3194 προοιμίοις
480 3115 565 3172 εἶπεν·
589 3115 713 3195 έκέτερος
735 3113 783 3172 οὖν
804 3115 894 3171 αὐτῶν
915 3113 1060 3195 προοίμιον
1082 3115 1130 3189 μίν
1149 3109 1244 3186 ἔλαθε,
1266 3115 1316 3186 τὴν
1337 3109 1365 3169 δέ

210 3269 213 3276 ,
248 3221 343 3294 χρῆσιν
362 3211 488 3293 διάφορον
508 3211 679 3285 ἐποιήσαντο·
701 3214 716 3270 δ
736 3212 786 3288 μέν
805 3214 856 3293 γὰρ
874 3214 1022 3292 Σωκράτης
1040 3211 1150 3277 οἰκείως
1170 3212 1305 3292 ἐχρήσατο
1327 3217 1366 3286 τῷ

186 3315 217 3367 25
249 3311 384 3392 προοιμίῳ
399 3309 554 3391 σοφηνίζων
568 3311 599 3367 τὸ
614 3317 738 3390 πρᾶγμα,
753 3312 767 3367 θ
780 3309 809 3368 δί
824 3311 917 3376 Λυσίας
933 3309 1072 3376 ἐναντίως.

290 3465 359 3548 ρίγεῖ
382 3471 489 3524 Ταῦτα
508 3464 622 3546 λέγεις
644 3467 663 3536 ἦ
685 3464 776 3548 γὰρ;]
799 3467 858 3526 266
878 3466 919 3530 D.

292 3607 334 3667 Ἐν
354 3605 414 3682 ἤθει
433 3608 509 3690 λέγει
527 3612 542 3668 θ
562 3610 710 3691 Σωκράτης
729 3609 771 3667 θ’τι
788 3615 901 3683 ταῦτα,
917 3611 994 3691 φησί,
1016 3611 1180 3689 λέγειςτὰ
1198 3610 1296 3668 πιθανὰ
1311 3615 1367 3681 τῆς

251 3708 380 3790 τέχνης;
397 3743 437 3754 -·
455 3709 490 3766 Τδ
509 3707 537 3766 δέ
553 3710 735 3789 μαρτυρίας
754 3707 782 3765 τ’
801 3707 851 3766 ἐπ’
871 3707 964 3785 αὐτῇ·
982 3710 1168 3791 μαρτυρίας
1189 3707 1299 3788 λέγει...
1319 3707 1367 3773 τὰς

251 3806 380 3888 ἀτέχνους
394 3807 499 3870 πίστεις
514 3805 677 3885 λεγομένας,
694 3809 765 3864 οἷον·
784 3830 799 3861 ιι
816 3805 967 3887 ἐφόνευσας·
982 3810 1108 3887 παρῆσθα
1119 3807 1169 3888 γὰρ
1180 3812 1217 3887 τῷ
1228 3811 1371 3886 νεοσφαγεί

192 3915 223 3966 30
253 3904 358 3980 σώματι
373 3928 388 3960 ι)
408 3906 452 3961 καί
471 3905 504 3960 τὰ
523 3904 615 3979 ὅμοια.
632 3939 672 3950 -
691 3905 813 3962 Είκθτα
832 3903 860 3962 δέ
879 3903 954 3983 λέγει
971 3905 1005 3962 τὰ
1022 3906 1132 3965 πιθανά.
1148 3939 1187 3952 --
1206 3905 1371 3962 Πέστωσιν

252 4002 362 4078 <δέ>
373 4005 427 4060 καὶ
444 4003 656 4061 έπιπίστωσιν
672 4001 745 4082 λέγει
759 4004 790 4060 τὸ
804 4003 848 4062 ἐπὶ
861 3997 999 4071 ἀποδείξει
1013 4005 1103 4085 έτέραν
1118 4000 1254 4071 ἀπόδειξιν
1268 4003 1371 4082 ἐπαγα-

235 4305 238 4312 ,
284 4231 344 4285 ΤῙΤ
360 4235 392 4285 28
408 4237 540 4302 προοίμιον
553 4233 666 4300 διήγησις
678 4237 800 4303 μαρτυρία
810 4234 944 4304 τεκμήριον
956 4236 1040 4289 εἰκότα
1050 4239 1170 4296 πίστωσις
1180 4234 1373 4294 έπιπίστωσιςίὶ

286 4365 332 4416 Nc
349 4367 363 4415 1
379 4365 467 4424 καλόν,
484 4383 499 4414 κ
516 4363 576 4414 rub.
592 4365 616 4412 Α
680 4363 723 4414 28
741 4369 803 4428 post
817 4367 962 4433 διαιρέσεως
979 4365 1126 4431 reportavit
1143 4379 1160 4416 ο
1223 4366 1237 4416 3
1257 4365 1300 4416 καὶ
1317 4375 1372 4414 om.

255 4435 309 4488 ΜΕ
377 4435 435 4488 9τί
454 4439 545 4500 μέντοι,
565 4438 588 4486 τί
608 4438 651 4498 μέν
672 4433 747 4484 rubr.
770 4438 795 4485 Α
858 4437 911 4489 ’ἐστι
931 4435 1002 4488 plat.
1066 4435 1097 4487 14
1117 4435 1178 4505 πρδ]
1198 4438 1260 4504 πρὸς
1282 4435 1310 4486 Μ

255 4505 285 4557 18
301 4510 408 4574 χρῆσθαι
427 4506 532 4557 addidit
550 4509 607 4556 Αετ
627 4504 815 4567 (verisimilius
835 4513 895 4572 post
912 4503 1034 4559 δύνασθαι
1051 4509 1178 4572 reponas)
1242 4507 1273 4558 19
1287 4508 1340 4568 καὶ,
1359 4523 1375 4556 κ

254 4577 328 4628 rubr.
344 4579 368 4627 Α
432 4589 460 4642 γε
478 4574 505 4628 Μ
527 4577 595 4627 Plan.
659 4575 690 4626 23
707 4581 833 4646 προοιμίῳ
845 4579 880 4645 (θ)
944 4579 976 4630 24
992 4579 1128 4644 έποιῆσατο
1148 4581 1177 4630 Μ
1241 4579 1272 4631 26
1287 4581 1374 4638 ταῦτα,

254 4667 268 4699 τ
281 4649 355 4700 rubr.
366 4653 390 4699 A
452 4649 484 4700 28
499 4667 525 4700 τε
541 4649 568 4698 Μ
633 4648 732 4714 supple
748 4655 884 4719 μαρτυρίας
896 4654 963 4718 λέγει
975 4655 1044 4712 <...
1055 4651 1228 4722 -Τεκμήρια
1240 4651 1266 4704 δέ
1279 4653 1375 4716 λέγει)

254 4721 297 4780 τὰς
313 4724 366 4772 κτλ.
385 4720 432 4782 (εἰ.
447 4715 520 4783 TIT)
583 4721 614 4772 30
630 4722 752 4773 πίπτωσιν
770 4726 814 4774 κιιέ
833 4735 888 4776 om.
911 4723 940 4774 Μ
1006 4724 1035 4778 61
1053 4725 1080 4778 δέ
1099 4725 1192 4777 addidi
