3538 5686
442 625 498 676 ΕΙΣ
519 625 581 676 ΤΟΝ
607 622 783 676 ΠΛΑΤΩΝΟΣ
806 623 948 677 crinon
970 623 1092 675 ΣΧΟΛίΔ
1293 634 1322 684 13

145 790 187 858 [65]
209 780 253 836 καὶ
266 778 410 858 ἀγνώστων
422 787 478 844 τοῖς
489 777 607 845 πολλοῖς
619 781 785 861 πραγμάτων
796 779 961 859 διαλέγεται,
977 777 1135 860 προσράρως
1147 778 1193 834 καί
1207 774 1323 852 ὑψηλοῖς

210 878 343 959 ἐχρήσατο
358 876 453 957 λόγοις
467 879 512 935 καί
530 878 637 944 οἰκείοις
649 883 683 956 τγῖ
697 884 781 955 νοητή
796 880 840 935 καί
853 876 922 950 θεία
935 877 1038 954 otiolo]

702 1093 835 1152 Ἐντεῦθεν

508 1221 526 1289 ή
541 1223 588 1276 τοῦ
604 1215 776 1276 Πλατωνικοῦ
791 1219 872 1298 ῥητοῦ
885 1212 1022 1298 ἐξήγησις.

169 1421 182 1469 5
253 1406 290 1464 α’.
304 1401 367 1476 <ὧ
382 1402 458 1484 ιρίλε
473 1401 648 1485 Φαῖδρε>]
663 1401 720 1463 227
735 1410 767 1464 Δ.

130 1553 212 1606 Mor·
252 1533 312 1593 'cn
325 1537 386 1616 περί
399 1539 446 1592 τοῦ
459 1531 627 1592 παντοδαποῦ
641 1535 727 1592 καλοῦ
747 1535 884 1608 όσκοπδς,
906 1540 1012 1615 πρῶτον
1031 1539 1078 1592 τοῦ
1097 1534 1124 1592 ἐν
1144 1535 1267 1606 αἰσθήσει
1280 1535 1326 1592 καί

211 1640 244 1711 τῇ
257 1635 344 1716 φύσει,
363 1633 420 1690 εἶτα
433 1638 480 1690 τοῦ
495 1631 522 1689 ἐν
535 1640 592 1696 τοῖς
605 1631 710 1712 λόγοις,
722 1634 767 1690 καὶ
780 1634 903 1713 άνωτέρω
917 1638 965 1690 τοῦ
979 1631 1006 1690 ἐν
1019 1637 1095 1714 ψυχῇ
1109 1635 1154 1692 καί
1169 1633 1328 1708 ἐπιστήμαις

212 1735 256 1790 καὶ
271 1731 474 1807 ἐπιτηδεύμασι,
489 1733 534 1788 καί
548 1729 587 1788 ἔτι
600 1732 723 1812 ἀνωτέρω
737 1737 783 1788 τοῦ
799 1732 825 1788 ἐν
838 1737 886 1806 νῷ,
907 1733 951 1788 καί
965 1731 1119 1789 τελευταῖον
1132 1736 1178 1788 τοῦ
1194 1731 1221 1788 ἐν
1234 1727 1325 1803 θεοῖς,

212 1831 294 1906 δηλοῖ
307 1836 325 1904 ή
340 1831 434 1912 πρώτη
450 1829 530 1904 λέξις,
547 1830 615 1888 τὸῶ
635 1829 724 1911 ψίλε.
748 1829 835 1887 Φίλον
856 1831 906 1909 γάρ
927 1830 958 1886 τό
978 1827 1073 1902 καλόν,
1092 1830 1223 1902 κλητικδν
1244 1828 1274 1886 δν
1293 1829 1329 1895 είς

155 1947 183 1997 10
213 1932 289 1988 ἐαυτδ
310 1932 355 1986 καὶ
374 1929 581 2008 ἐπιστρεπτικόν·
605 1926 645 1985 διδ
666 1929 710 1984 καί
730 1926 816 1985 καλὸν
837 1928 947 2006 λέγεται
960 1927 1033 2007 παρὰ
1046 1927 1076 1984 τὸ
1090 1926 1184 1984 καλεῖν
1198 1927 1235 1992 είς
1249 1927 1328 1982 ἐαοτό

212 2029 273 2094 τοῦς
286 2026 410 2110 ἐρῶντας.
425 2061 464 2071 -
483 2027 518 2082 Τὸ
540 2024 567 2083 δέ
588 2031 644 2082 ποῖ
665 2023 702 2096 δι]
724 2027 778 2081 καὶ
796 2025 894 2081 πόθεν
911 2021 1063 2095 δηλωτικόν
1077 2023 1132 2080 ἐστι
1145 2022 1227 2081 πάλιν
1241 2027 1287 2079 τοῦ
1302 2021 1330 2079 ἐν

213 2128 335 2198 αἰσθήσει
348 2123 445 2182 καλοῦ·
466 2123 507 2181 ἀεὶ
526 2126 576 2204 γάρ
596 2123 623 2182 ἐν
642 2126 745 2195 κινήσει
764 2125 811 2180 καί
831 2121 934 2201 γενέσει
953 2124 999 2179 καί
1020 2124 1104 2202 φθορᾷ
1125 2121 1155 2178 τὸ
1177 2121 1330 2192 αἰσθητικόν

211 2223 328 2288 κάλλος.
343 2221 450 2294 Ἐπειδὴ
466 2221 569 2279 οὖνκαὶ
584 2224 598 2278 ό
614 2220 730 2302 Φαῖδρος
744 2221 859 2293 ἐπτόητο
873 2221 933 2300 περὶ
949 2221 980 2277 τὸ
1000 2221 1158 2301 φαινόμενον
1176 2216 1280 2282 κάλλος
1298 2219 1328 2276 τό

214 2322 310 2386 ἐντοῖς
327 2319 421 2400 λόγοις
444 2320 509 2400 όπερ
524 2321 550 2378 ἐν
563 2323 668 2392 κινήσει
685 2321 730 2380 καί
749 2320 823 2400 ῥύσει
841 2316 989 2398 θεωρεῖται
1004 2317 1069 2398 (τιῖιν
1083 2319 1134 2398 γάρ
1153 2316 1179 2376 ἐν
1197 2322 1230 2392 τῇ
1253 2320 1329 2396 ψυχῇ

157 2436 184 2486 15
214 2419 404 2496 διανοημάτων
419 2419 520 2485 εἰκόνες
535 2421 560 2476 ol
577 2417 667 2498 λόγοι,
681 2425 752 2476 πᾶσα
764 2417 793 2476 δέ
806 2417 909 2490 κίνησίς
920 2416 1000 2474 ποθέν
1013 2415 1081 2496 ποι)Ι
1099 2415 1141 2474 διά
1152 2420 1230 2472 τοῦτο
1245 2413 1331 2494 ἐρωτᾷ

217 2543 230 2576 ιι
253 2525 310 2576 ποῖ
331 2517 367 2591 δὴ
390 2519 444 2575 καί
463 2518 572 2577 πόθεν.
597 2535 613 2578 ll
632 2515 669 2574 ”ll
684 2516 725 2574 ότι
746 2515 839 2588 ἐπειδὴ
862 2521 902 2590 τῷ
924 2514 1061 2596 Σωκράτει
1082 2513 1211 2590 ἐπιμελές
1232 2514 1266 2584 ήν
1276 2516 1332 2569 τῶν

214 2617 280 2674 νέων
301 2616 457 2698 φροντίζειν,
480 2614 522 2672 δεῖ
545 2613 573 2672 δέ
594 2614 639 2672 τόν
663 2613 799 2690 μάλλοντά
820 2635 846 2670 τι
869 2614 958 2670 ίάσθαι
977 2613 1107 2692 πρότερον
1130 2608 1332 2668 ἐπισκέπτεσθαι

216 2716 295 2772 αῦτοῦ
308 2721 396 2772 πᾶσαν
408 2717 457 2786 τήν
468 2715 638 2786 κατάποσιν,
656 2711 706 2770 εἴθ’
720 2713 806 2777 οὕτως
822 2712 957 2794 ἐγχειρεῖν
972 2716 1005 2787 τῇ
1020 2709 1167 2792 θεραπείᾳ,
1191 2707 1234 2765 διὰ
1253 2712 1332 2765 τοῦτο

215 2812 247 2885 δὴ
272 2814 317 2869 καὶ
339 2814 354 2869 ό
379 2812 525 2892 Σωκράτης
549 2812 669 2893 άνερωτᾷ
692 2811 744 2868 ἀπὸ
767 2810 853 2868 ποίων
875 2831 904 2868 τε
926 2815 1072 2868 συνουσιῶν
1094 2803 1204 2888 ἔρχεται
1223 2806 1269 2862 καί
1290 2803 1333 2861 ἐπί

157 2926 187 2978 20
215 2913 291 2978 ποίας
312 2911 453 2984 ἐπτόηται,
477 2914 515 2986 μή
538 2907 588 2991 άρα
607 2911 652 2966 καί
671 2909 823 2992 διέφθαρται
845 2910 895 2966 ὑπό
916 2931 995 2966 τινων
1018 2912 1172 2966 συνουσιῶν.
1191 2939 1231 2951 -
1248 2904 1283 2962 Τὸ
1305 2902 1333 2960 δέ

214 3012 300 3092 παρά
321 3009 443 3068 Λυσίου
463 3014 518 3066 τοῦ
540 3009 702 3090 Κεφάλου,
726 3007 815 3080 ἐπειδὴ
839 3010 853 3064 ό
874 3007 995 3089 Κέριιλος
1022 3002 1242 3086 όρθοδοξαστικὸς
1265 3006 1335 3079 ἡμῖν

215 3108 389 3189 παραδίδοται
403 3107 430 3166 ἐν
446 3107 615 3180 Πολιτεία,
631 3105 685 3188 ήρα
703 3105 732 3164 δὲ
745 3112 791 3164 τοῦ
807 3107 904 3164 Λυσίου
918 3105 1003 3184 λόγου
1022 3107 1036 3162 ό
1051 3101 1181 3183 Φαῖδρος,
1196 3098 1279 3173 δηλοῖ
1293 3099 1333 3156 ότι

215 3206 246 3262 τό
265 3207 425 3287 Ιψαινόμενον
444 3203 546 3269 κάλλος
567 3198 632 3282 δόξῃ
654 3204 721 3262 ἐστίν
743 3202 802 3281 μετ’
825 3205 973 3275 αἰσθήσεως
995 3201 1098 3274 ληπτὸν
1118 3200 1164 3256 καὶ
1185 3198 1234 3256 οῦκ
1257 3197 1333 3255 ἐπισ-

217 3461 231 3512 3
232 3390 264 3512 ²3
282 3389 442 3440 παντοδαποῦ
456 3386 493 3437 οί.
513 3386 537 3450 9,
552 3386 568 3436 9
586 3391 613 3436 cl
631 3383 670 3444 11,
689 3383 721 3434 20
783 3383 814 3434 10
836 3383 874 3433 ct.
899 3378 1010 3446 θναίψί.
1030 3379 1118 3431 4161)
1181 3377 1212 3428 22
1232 3375 1298 3440 Rep.
1321 3373 1333 3424 l

275 3473 336 3524 sqq.

248 3593 309 3646 TIT
323 3595 353 3645 13
368 3593 459 3652 κάλλος
474 3595 498 3641 Α

250 3720 297 3771 Nc
311 3718 324 3770 1
338 3713 486 3784 διαλέγεται]
498 3683 637 3782 διαδίρεται
647 3714 676 3764 C¹
740 3713 827 3777 θροεῖ
841 3710 915 3782 οῦσίρ
927 3709 1026 3774 legitur
1037 3707 1097 3758 inc
1111 3703 1247 3773 Σωκράτης
1260 3703 1333 3754 Πλά-

217 3811 266 3842 των
290 3791 399 3857 Φαῖδρος
422 3789 437 3854 ἣ
462 3790 517 3855 περὶ
540 3789 619 3838 καλοῦ
643 3785 755 3846 imbri:
777 3783 875 3835 cadom
894 3782 922 3832 in
943 3781 966 3830 B
986 3779 1044 3842 (scd
1065 3776 1229 3841 Πλάτωνος);
1250 3775 1336 3826 norbo

218 3861 353 3921 Πλάτωνος
369 3859 507 3928 Φαῖδρυςῆ
526 3860 581 3925 περί
600 3859 679 3909 καλοῦ
698 3857 727 3906 iil
747 3858 771 3905 A
790 3859 851 3918 posi
872 3852 987 3918 ἐξήγησις
1009 3849 1087 3902 initio
1110 3849 1128 3898 1Ι
1151 3848 1182 3898 llo
1204 3847 1336 3912 leguntur

280 3934 322 3983 cl
335 3932 388 3984 Tii.
401 3931 474 3982 rubr.
489 3928 534 3980 AC
547 3929 603 3992 (qul
617 3928 692 3978 addit
709 3927 828 3994 Ἑρμείου
843 3922 999 3990 φιλοσόφου),
1014 3922 1093 3972 (locst
1101 3921 1129 3970 in
1142 3919 1170 3969 M
1183 3933 1189 3968 ι
1205 3919 1233 3968 in
1247 3921 1270 3968 Α
1284 3919 1336 3967 hoc

219 4006 352 4057 scholium
370 4003 469 4069 legitur
487 4001 560 4064 quod
579 4011 634 4050 non
652 3999 772 4050 Hermiae
790 3994 966 4047 tribuendum
986 3994 1025 4056 (ε
1037 3991 1122 4042 schol.
1135 3991 1182 4040 227
1197 3992 1232 4047 Α,
1246 4002 1272 4053 p.
1290 3987 1335 4038 267

221 4077 330 4138 Herm.)
348 4073 483 4141 Σωκράτης
498 4075 571 4137 φησίν
593 4071 804 4136 Ὀλυμπιόδωρος
822 4072 847 4119 ἐν
865 4075 900 4134 τῷ
920 4067 954 4125 τίς
972 4067 1014 4116 τδν
1037 4061 1198 4125 Ἀλκιθιάδην
1222 4058 1335 4123 ῦπομνή·

222 4167 277 4212 ματι
291 4152 325 4205 ὡς
339 4148 436 4212 πρῶτός
451 4147 515 4195 ἐστιν
531 4147 544 4194 ό
560 4142 669 4209 Φαῖδρος
684 4139 800 4205 διάλογος
818 4140 862 4189 τοῦ
881 4134 1018 4194 Πλάτωνος
1081 4135 1095 4184 5
1119 4132 1222 4183 lemma
1243 4128 1338 4186 addidi

280 4217 388 4268 numeri
403 4215 567 4274 scholiorum
578 4215 607 4264 in
620 4213 744 4276 margine
754 4209 836 4260 rubro
845 4208 959 4272 adpicii:
976 4205 1059 4256 iidem
1070 4205 1098 4254 in
1114 4203 1237 4269 margine
1246 4205 1337 4252 toxius

221 4291 254 4341 cd
263 4290 347 4341 verba
358 4301 420 4352 ηοω
434 4286 609 4351 explicantur
668 4283 732 4334 δὸτι
747 4285 770 4344 (ο
782 4278 876 4344 rubri]
891 4299 913 4330 ιι
924 4279 952 4328 Μ
965 4278 1030 4340 (iam
1042 4280 1198 4327 correxerat
1209 4277 1274 4335 Αετ]

220 4365 262 4412 τοῦ
277 4373 331 4411 om.
351 4360 378 4409 Μ
443 4354 613 4420 παντοδαποῦ]
628 4358 722 4407 παντοῦ
738 4351 844 4403 ΜωΒίλ
858 4350 923 4416 (jam
939 4352 1094 4400 correxerat
1109 4349 1178 4408 Αετ)
1239 4351 1338 4410 πρῶτον

221 4433 332 4496 scripsi:
356 4429 456 4499 πρώτου
476 4429 537 4479 libri
598 4427 614 4476 7
638 4428 753 4492 ἀνωτέρω
772 4438 804 4474 a:
821 4424 946 4490 ἀνωτέρω
960 4420 1017 4471 ΑΜ
1032 4421 1063 4482 (i.
1082 4432 1108 4470 ο.
1125 4430 1173 4483 ρετ
1191 4415 1338 4480 regressio·

223 4517 285 4555 nem
304 4502 494 4554 dialecticam:
513 4499 552 4552 ci.
572 4497 588 4549 8
609 4503 636 4549 ol
654 4496 693 4557 11,
715 4497 755 4557 33]
832 4492 988 4559 ἐπιστήμαις]
1010 4491 1134 4565 ἐπιστήμη
1154 4488 1184 4538 Μ
1255 4485 1284 4538 11
1309 4485 1338 4550 δὴ

222 4589 276 4626 om.
293 4575 321 4624 M
388 4572 417 4624 12
432 4567 807 4632 αίσθιτιιιθνΑῑταίσθητδνΜ
872 4561 1039 4615 ῖδόοω.Μ
1105 4558 1246 4627 Φαῖδρονῦ
1309 4557 1340 4607 14

220 4634 1163 4785 11ίιιάπέψαώάθήοθίνάῖολάόάλόθάδιήολάρδιῖλησίόδξῦτίόυίέάά
1177 4630 1342 4754 (ἐλιάίψείουι

122 4812 126 4824 ·
222 4789 250 4840 M
269 4790 346 4840 ccclii
363 4782 384 4840 ὦ
403 4785 545 4854 Σώκρατες]
608 4783 639 4834 23
658 4785 722 4842 δόξιι
742 4785 779 4833 A·
