3660 5686
552 617 607 670 ΕΙΣ
628 621 689 670 ἸὉΝ
712 619 889 670 ΠΛΑΤΩΝΟΣ
908 620 1050 671 ΦΔΙΔΡΟΝ
1074 621 1197 672 xxom
1401 631 1431 684 73

224 769 279 838 [37]
309 766 380 824 τείαν
404 763 596 848 ἀιατρίδων,κ
585 791 600 827 ο
622 767 652 827 A
672 768 735 828 οθδλ
756 771 844 850 όρθῶς
865 773 926 852 περί
946 771 1086 831 πολιτείαν
1104 771 1362 893 ἀναστρεφόμενος
1358 773 1432 834 ἀλλά
1461 827 1464 834 .

310 862 478 946 διαστρόρως
492 869 538 924 καὶ
551 868 718 948 πανούργως·
734 870 928 951 ἀμρότιρυι
900 893 949 945 μιν
962 869 1009 928 οὖν
1022 872 1205 951 ἁμαρτάνουσι
1219 874 1264 930 καὶ
1280 874 1295 930 ὁ
1309 872 1432 954 διάτορος

308 966 352 1021 καί
366 986 381 1021 ο
369 967 527 1045 ’,τρίτος
511 989 549 1032 ως
562 969 774 1048 τῆςπρωτίσιης
788 969 833 1026 καί
846 967 1014 1042 καλλίστης’
1004 991 1045 1028 ινε
1048 991 1105 1050 ργει
1098 969 1139 1036 ἀς
1154 971 1342 1052 ἀφιστάμενοι,
1357 971 1432 1032 ἀλλά

308 1063 393 1122 πλὲυν
416 1065 431 1122 ὁ
453 1064 544 1144 τρίτος
569 1071 617 1123 τοῦ
643 1065 767 1146 δευτίρου
791 1069 950 1147 ἁμαρτάνει.
978 1074 1020 1148 Τῷ
1050 1069 1099 1144 μὶν
1127 1069 1178 1148 γάρ
1207 1067 1323 1150 διυτίρῳ
1346 1071 1429 1150 ῥάστη

263 1165 278 1214 5
310 1165 454 1236 ἧν<ή>
468 1164 510 1222 ίπί
524 1167 571 1222 τὸν
585 1171 694 1245 πρῶτον
710 1166 863 1247 ἀναδρομή,
880 1173 918 1246 τῷ
936 1167 965 1225 δά
982 1169 1065 1248 τρίτῳ
1083 1167 1201 1250 χαλιπή.
1225 1168 1368 1250 ’Δναλογεῖ
1384 1169 1431 1229 οὖν
1459 1187 1464 1210 ²

310 1267 346 1340 τῷ
366 1264 416 1338 μἐν
432 1261 548 1344 δευτέρῳ
565 1267 579 1322 ὁ
600 1267 760 1346 Σωκράτους
780 1267 874 1346 λόγος,
890 1273 927 1345 τῷ
946 1265 974 1324 ἀί
992 1268 1077 1348 τρίτῳ
1097 1270 1112 1324 ὁ
1132 1267 1242 1326 Λυσίου·
1262 1274 1299 1347 τῷ
1316 1270 1366 1344 μίν
1379 1270 1430 1352 γάρ

311 1362 450 1440 Σωκράτει
470 1367 488 1435 ί,
512 1364 555 1421 ίπί
576 1364 624 1430 τάς
641 1365 742 1430 οἰκείας
763 1366 850 1448 ἀρχάς
875 1365 981 1438 ἀνοδος,
1006 1367 1140 1424 τουτίστιν
1163 1367 1206 1424 ἐπί
1227 1369 1277 1438 τήν
1299 1370 1430 1448 Βιωρίαν,

310 1459 392 1538 ρ’όστη
413 1463 458 1519 καί
481 1461 603 1542 τόμαρής
623 1461 744 1544 (πρῶτον
768 1464 817 1539 μίν
838 1465 890 1542 γάρ
913 1462 975 1521 οὐδὲ
995 1465 1045 1534 τὴν
1068 1461 1190 1544 διυτέραν
1212 1463 1345 1544 ίνὲργειαν
1363 1486 1429 1545 σιρο-

309 1553 415 1616 όάλλων
430 1561 561 1642 ἀφίστατο
574 1571 624 1634 τῆς
637 1563 756 1642 πρώτης·
773 1561 865 1621 ἔπειτα
884 1563 907 1620 εί
923 1565 969 1619 καί
987 1563 1130 1644 ἀρίστατο,
1146 1559 1211 1620 ἀλλ’
1228 1561 1276 1620 οὖν
1291 1562 1322 1619 οὗ
1336 1562 1429 1642 πόρρω

246 1653 278 1704 ¹⁰
309 1657 392 1730 αὐτῆς
400 1660 435 1730 ἦν
446 1660 491 1717 καί
502 1662 562 1740 περί
572 1660 623 1730 τήν
633 1659 757 1741 διυτίραν
766 1660 918 1720 κατελθών·
929 1667 977 1718 τοῦ
988 1661 1038 1742 γάρ
1052 1663 1214 1741 ὑποστρίψαι
1227 1662 1311 1736 μόνον
1320 1659 1429 1740 ἐδεῖτο),
1456 1681 1463 1700 ·
1477 1687 1480 1698 ·

308 1761 345 1834 τῷ
357 1755 386 1814 δὶ
398 1759 481 1830 Λυσία
494 1761 542 1816 άτε
557 1762 708 1842 μοχθηρῶς
721 1761 766 1817 καί
781 1767 884 1840 μιαρῶς
895 1760 1121 1841 ἀναστρερομίνῳ
1141 1758 1190 1816 οὐκ
1211 1759 1345 1839 εὐμαρὴς,
1364 1757 1430 1816 ἀλλά

307 1855 351 1910 καί
365 1853 467 1936 σφόδρα
481 1855 593 1938 χαλτπή
608 1861 626 1930 ἡ
643 1857 685 1916 ίπί
701 1860 749 1923 τάς
764 1857 973 1942 ἀρχάςάνοδος.
987 1860 1074 1916 -Τὸ
1089 1857 1136 1915 οὖν
1149 1857 1356 1937 καθήρασθαί
1376 1857 1431 1916 ἐστι

307 1953 354 2008 τὸν
375 1952 506 2032 Σωκράτη
523 1951 593 2037 [τὸν]
610 1955 753 2014 άποθίσθαι
769 1955 816 2018 τάς
837 1953 962 2034 διυτίρας
979 1955 1025 2011 καί
1044 1952 1205 2034 κοιλοτίρας
1224 1955 1365 2034 ίνεργείας
1385 1957 1431 2013 καὶ

308 2053 471 2130 ὑποστρίψαι
493 2050 537 2110 ίπί
560 2053 609 2119 τάς
631 2055 731 2120 οίκιίας
754 2054 886 2134 ίνιργτίας
909 2055 958 2120 τάς
979 2053 1089 2134 πρώτας
1110 2054 1155 2111 καί
1180 2053 1288 2133 νοιράς.
1313 2055 1358 2111 Διά
1385 2057 1430 2112 καί

244 2145 274 2196 ¹5
306 2148 448 2230 ἀρχαῖον
470 2150 552 2208 αὐτόν
574 2151 711 2212 ίκάλισεν·
735 2147 763 2219 st
782 2152 869 2210 ἀιδίου
887 2153 937 2232 γάρ
958 2154 985 2210 αἱ
1004 2151 1089 2232 ψυχαί
1106 2151 1292 2232 προελθοῦσαι
1311 2151 1363 2208 ἀπὸ
1379 2161 1429 2224 τῆς
1456 2169 1460 2184 ·

307 2249 408 2306 ίαυτῶν
427 2249 515 2330 ἀρχῆς
537 2248 619 2307 πάλιν
641 2253 678 2315 τίς
701 2251 784 2322 αάτήν
803 2253 1021 2332 ὑποστρίρουσιν.
1043 2250 1116 2322 Αὕτη
1136 2249 1165 2308 δέ
1183 2250 1237 2308 ίστι
1257 2251 1301 2308 καί
1320 2254 1338 2321 ἡ
1358 2252 1431 2330 περί

305 2349 364 2418 τήν
384 2347 591 2427 μυθολογίαν
612 2349 742 2428 ἀμαρτία,
757 2352 788 2407 τὸ
808 2350 860 2429 γάρ
875 2351 937 2429 περί
950 2352 1001 2422 τήν
1017 2346 1169 2427 Βιολογίαν
1183 2351 1312 2428 ἀμαρτιῖν
1334 2349 1363 2429 (ἡ
1380 2348 1430 2429 γάρ

308 2443 458 2523 μυθολογία
482 2445 616 2526 θεολογία
640 2449 680 2513 τίς
705 2447 780 2528 ίστι)·
813 2449 844 2505 τὸ
873 2447 920 2506 οὗν
947 2451 986 2523 μά,
1013 2447 1156 2529 ἀμρρόνως
1182 2447 1245 2526 περὶ
1268 2449 1432 2521 τήνῗμυθο-

212 2551 239 2602 1³·
256 2537 289 2588 9⁸
309 2541 405 2622 λογίαν
420 2545 615 2625 ἀνιΙστράρθαι,
630 2547 750 2604 τουτέστι
762 2547 793 2603 τὸ
809 2548 847 2621 μή
868 2547 1008 2628 ἐμιρρόνως
1021 2554 1223 2625 κατακρατῆααι
1241 2553 1292 2617 τῆς
1311 2543 1430 2610 διανοίας

244 2635 276 2686 2⁰
306 2647 359 2698 τῶν
383 2641 590 2716 μυθοπλάστων,
614 2642 687 2701 ἀλλά
708 2650 745 2724 τῷ
769 2646 921 2726 ραινομὲνῳ
946 2643 1067 2716 ἕπεσθαι,
1093 2643 1243 2724 ἁμάρτημά
1270 2643 1326 2700 ἔστι
1352 2643 1430 2721 περὶ
1456 2641 1458 2644 ’

309 2739 521 2818 μυθολογίαν.
547 2741 580 2799 Ὃ
600 2745 645 2800 καί
668 2745 748 2799 νῦνὸ
774 2744 921 2822 Σωκράτης
947 2745 1063 2800 πέπονθε
1083 2743 1131 2800 τὸν
1154 2739 1241 2821 ἔρωτα
1263 2739 1431 2821 λοιδορησά-

309 2859 403 2913 μινος,
426 2841 449 2898 ιί
466 2841 511 2897 καί
524 2842 570 2898 τὸν
588 2839 737 2899 ἀκόλαστον
753 2840 815 2900 ἀλλ’
829 2840 877 2900 οὖν
888 2843 919 2898 τὸ
933 2845 981 2898 τοῦ
994 2839 1092 2920 ἔρωτος
1107 2837 1205 2916 όνσμα.
1223 2839 1296 2912 Αίίτη
1315 2839 1365 2914 μὶν
1375 2837 1430 2896 ὀὖν

307 2939 406 3017 ἠπιρί
424 2941 474 3009 τήν
494 2939 663 3017 μυθολογίαν
683 2941 812 3020 ἁμαρτία.
833 2941 977 3019 Καθαρμδς
997 2938 1025 2996 δι
1045 2939 1147 3011 ταάτης
1168 2946 1219 3010 τῆς
1242 2937 1377 3016 ἁμαρτίας
1399 2937 1429 2993 τὸ

306 3032 489 3116 προόαλίσθαι
506 3038 554 3102 τάς
572 3037 685 3110 ἀληθεῖς
703 3039 749 3094 καί
770 3037 984 3103 ἐνθουσιαστικάς
1003 3039 1063 3116 περί
1080 3043 1129 3094 τοῦ
1143 3033 1243 3116 ίρωτος
1262 3035 1380 3106 ἐννοίας,
1396 3035 1429 3099 ἀς

244 3153 277 3204 25
308 3136 429 3216 περιέχει
443 3139 461 3206 ί,
477 3133 642 3210 παλινῳδία.
660 3137 704 3192 Διὸ
722 3137 767 3192 καί
782 3133 864 3192 πάλιν
877 3135 920 3192 ίπί
934 3136 984 3206 τὴν
996 3134 1113 3215 ἀρχαίαν
1126 3132 1200 3209 ᾦδήν
1212 3136 1263 3204 τήν
1274 3127 1440 3212 πρωτίστην“
1452 3147 1456 3165 ¹
1506 3129 1515 3146 “

309 3231 487 3312 ίπανόδραμι.
506 3235 544 3291 Τά
564 3232 593 3291 δὲ
610 3235 670 3314 περί
687 3231 839 3310 μολυσμῶν
856 3235 901 3291 καί
919 3235 1068 3312 καθαρμῶν
1087 3229 1142 3289 ῶδι
1163 3231 1285 3290 λεκτέον·
1300 3231 1360 3309 περὶ
1380 3231 1395 3286 δ
1415 3231 1429 3286 ό

309 3331 462 3407 μολυσμὸς,
484 3333 545 3412 πιρί
566 3339 646 3390 τοῦτο
665 3335 710 3390 καί
729 3335 743 3389 ὁ
761 3332 913 3412 καθαρμός.
929 3331 1004 3388 Ἔστι
1024 3328 1052 3387 δι
1072 3328 1160 3387 ἔννοια
1181 3328 1326 3404 μολυσμοῦ
1345 3326 1430 3386 ἀλλο-

307 3431 381 3510 τρίου
395 3433 548 3513 προσθήκη,
565 3429 654 3488 ἔννοια
668 3429 697 3488 δὲ
712 3430 767 3488 ἐστι
780 3433 921 3509 καθαρμοῦ
939 3429 1089 3508 ἀλλοτρίου
1108 3427 1256 3509 ἀραίρεσις.
1274 3425 1381 3484 Γίνιται
1401 3423 1430 3482 δά

309 3531 323 3587 ὁ
340 3530 483 3605 μολυσμὸς
497 3530 544 3586 καὶ
563 3530 616 3586 ἀπὸ
633 3538 684 3600 τῆς
704 3527 786 3608 ἀκρας
802 3531 884 3604 ἡμῶν
902 3531 995 3609 ψυχῆς
1015 3525 1080 3609 ἀχρι
1098 3527 1143 3584 καί
1163 3531 1220 3602 τῶν
1238 3521 1430 3604 ίξηρτημίνων
1453 3517 1457 3526 ’

245 3643 277 3694 30
309 3626 433 3709 ίσράτως
454 3631 548 3703 ἡμῶν·
570 3629 616 3685 καί
639 3627 792 3709 πρόσρορος
814 3627 918 3700 ίκόστῳ
938 3627 983 3683 καί
1004 3627 1019 3682 ό
1042 3623 1194 3704 καθαρμός.
1220 3625 1283 3680 Οῖον
1305 3621 1361 3680 ἔστι
1384 3623 1429 3680 καὶ
1452 3621 1467 3651 ⁸²

309 3727 437 3802 σώματος
453 3725 595 3802 μολυσμὸς
609 3727 640 3783 τὸ
654 3723 745 3798 πηλὸν
760 3726 782 3784 ιί
796 3725 878 3806 τύχοι
890 3725 935 3781 καί
951 3720 1085 3804 βόρὸορον
1101 3730 1230 3794 πατῆσαι,
1245 3723 1290 3779 καί
1310 3722 1332 3778 εί
1350 3723 1388 3796 μη
1403 3741 1430 3778 τι

309 3823 380 3884 ἀλλο
398 3830 499 3906 προσῇ,
521 3821 586 3906 ἀχρι
604 3829 651 3882 τοῦ
670 3824 799 3899 σώματος
817 3821 890 3881 ἔσται
909 3825 924 3880 ό
942 3821 1098 3898 μολυσμός·
1119 3819 1159 3879 διδ
1177 3821 1222 3878 καί
1240 3820 1344 3884 εὖίατός
1360 3819 1427 3878 ἔστι·

310 3921 422 4003 λουτρὸν
438 3923 489 4003 γάρ
513 3922 592 3988 εὐθὺς
615 3923 696 3980 αὐτὸν
718 3920 851 4002 καθαίρει.
872 3921 946 3978 Ἔστι
964 3921 1008 3977 καί
1028 3923 1075 3977 τοῦ
1093 3921 1248 3994 πνεύματος
1271 3917 1427 3994 μολυσμός·

309 4019 360 4076 ἀπὸ
375 4020 427 4100 γάρ
441 4041 522 4076 τινων
536 4019 630 4094 ἀτμῶν
645 4018 669 4076 εἰ
688 4019 767 4098 τύχοι
786 4017 813 4074 ἑν
832 4016 922 4074 τοῖσδε
942 4021 998 4082 τοῖς
1019 4015 1179 4096 ἀκαθάρτοις
1200 4015 1293 4080 τόποις
1309 4016 1355 4072 καί
1375 4015 1428 4072 ἀπὸ

340 4266 697 4336 ΝΟδπρωτίστ-ης]πρῶτης
717 4266 797 4318 Μαί.
810 4265 851 4324 73,
863 4263 895 4314 26
957 4263 1101 4327 ίμάνοιι.
1119 4263 1147 4312 Μ
1213 4262 1366 4327 δήκόόίόί

308 4339 340 4391 10
353 4343 479 4392 κατιλθων
493 4339 612 4406 seripsi:
625 4341 753 4405 κατορθων
764 4337 826 4388 ίιίιιι
888 4335 919 4386 12
935 4333 1050 4400 inultm
1066 4334 1094 4384 Μ
1160 4335 1189 4384 13
1205 4334 1338 4402 Σωκράτη,
1352 4339 1429 4400 τηιθη

310 4410 490 4479 ΣωκράτηνΜ
555 4429 597 4463 τον
608 4409 727 4460 seclum
743 4428 770 4461 τι
784 4411 862 4460 Ast
878 4406 941 4457 ίοιι.
954 4404 1055 4456 desunt
1066 4403 1219 4455 nonnulla
1213 4417 1240 4454 ιιι
1256 4405 1356 4468 qmbus
1371 4418 1429 4456 ver

310 4483 375 4533 bum
395 4485 533 4550 καθαρμός,
552 4483 598 4533 cui
621 4481 723 4532 referas
743 4481 859 4532 αάτάνί.
882 4477 912 4528 15
976 4475 1050 4526 17
1027 4495 1082 4540 την,
1103 4484 1167 4526 ante
1189 4479 1349 4542 μυθολογίαν
1374 4491 1429 4528 orn.

311 4554 380 4604 ΡΙιιι.
392 4553 429 4604 οι.
444 4552 473 4603 21
537 4553 596 4603 24
583 4571 611 4612 ας
627 4556 705 4602 Aur
721 4555 765 4610 σῦς
755 4551 842 4602 Ιιυιι
858 4551 906 4614 (α
910 4561 945 4598 ex
961 4551 1005 4606 συ
1020 4545 1051 4610 Ε)
1115 4546 1364 4615 ΣθὲπανάθραμιΜ

309 4615 358 4674 ὧδε
372 4636 407 4672 ex
423 4615 471 4673 ωδι
486 4625 519 4684 Α
535 4622 574 4673 sic
588 4621 728 4686 'depictum
743 4629 773 4671 υι
786 4620 871 4682 possis
887 4620 978 4682 legere
992 4619 1075 4668 τῶοιι
1089 4618 1153 4684 τῷδε
1169 4615 1216 4665 Μ
1262 4617 1293 4667 29
1309 4621 1352 4670 καί
1366 4627 1430 4669 ante

310 4697 428 4747 ἀπδοιιι.
447 4695 473 4745 Μ
538 4695 568 4743 33
586 4694 637 4745 ίστι
654 4693 680 4746 θλ
698 4695 740 4744 καί
761 4693 789 4742 Μ
807 4691 844 4744 ct.
858 4690 899 4746 74,
914 4693 928 4736 3
993 4689 1052 4738 3⁴·
1040 4705 1091 4739 απο
1104 4705 1199 4755 γαρ
1168 4689 1252 4749 -74,
1269 4689 1429 4755 θμολυσμδς

309 4779 363 4816 om.
387 4767 415 4816 M
