3604 5690
411 618 457 669 ειν
547 595 551 603 ’
792 605 934 658 τουτων
955 605 1152 656 ψιιοεοοοι·

312 769 377 840 1188]
412 785 490 840 μενος
505 763 648 846 ὠφελοῖτο.
666 765 714 822 Καὶ
728 765 779 846 γάρ
794 763 970 846 όριλόσορος
986 762 1076 836 ἄλλην
1089 761 1276 844 παραδέδωκεν
1287 770 1358 842 ἡμῖν
1372 770 1530 851 σοριστικὴν

406 863 518 944 τέχνην,
535 863 588 944 οὐχ
601 863 646 919 ’ίνα
663 863 799 944 χρώμεθα
817 863 898 939 αὐτῇ,
917 860 979 918 ἀλλ’
997 861 1043 918 ’ίνα
1061 858 1256 943 ρυλαξιόμεθα·
1276 867 1320 922 καῖ
1339 868 1365 922 οί
1387 867 1475 946 ίατροί
1496 871 1529 925 τά

408 959 602 1039 δηλητηριῶδη
625 961 753 1040 ράρμακα
776 959 864 1019 ίσασιν
886 961 939 1041 οόχ
954 959 1000 1017 ’ίνα
1020 965 1152 1042 χρῶνται,
1178 959 1240 1019 ἀλλ’
1261 962 1307 1019 ’ίνα
1329 963 1528 1044 φυλάττωνται·

406 1057 544 1139 ιόρελοῦσι
559 1057 649 1115 τοίνυν
662 1061 737 1133 ἡμᾶς
751 1061 796 1115 καὶ
812 1061 837 1116 οῖ
854 1058 952 1116 Λυσίου
966 1055 1042 1136 λόγοι
1057 1059 1094 1122 είς
1107 1059 1137 1115 τό
1155 1061 1192 1134 μὴ
1208 1063 1359 1141 χρήσασθαι
1374 1061 1473 1128 αὐτοῖς.

359 1237 373 1284 5
446 1231 515 1308 ροα’.
538 1229 590 1292 El<
611 1226 644 1284 δέ
665 1229 739 1294 τοὺς
760 1229 907 1307 ἑτέρους]
930 1227 988 1285 264
1011 1225 1048 1290 E.

444 1391 481 1447 Τά
495 1389 684 1469 ὑποδείγματα
699 1387 808 1471 διχόθεν
822 1388 864 1447 δεῖ
879 1383 1040 1464 λαμόάνειν,
1054 1390 1098 1444 καὶ
1112 1387 1142 1444 ἐκ
1152 1393 1207 1446 τῶν
1222 1389 1426 1468 ἡμαρτημένων
1440 1389 1530 1468 λόγων

403 1487 448 1545 ’ίνσ
469 1488 536 1546 αότδ
554 1486 724 1569 ρυλάττηταί
745 1509 797 1563 τις,
818 1489 863 1545 καὶ
885 1487 914 1544 ἐκ
934 1492 989 1544 τῶν
1008 1487 1228 1566 κατωρθωμένων
1246 1486 1292 1544 θνα
1311 1487 1378 1545 αὐτά
1398 1495 1526 1564 μιμῆται·

403 1587 495 1644 Είπὼν
507 1585 553 1643 οόν
567 1587 631 1666 περὶ
644 1591 690 1642 τοῦ
703 1586 803 1642 Λυσίου
817 1585 902 1664 λόγου
917 1587 933 1641 6
945 1583 1093 1665 ιριλόσορος
1105 1588 1152 1640 τοῦ
1164 1587 1371 1664 ἡμαρτημένου,
1384 1587 1429 1644 καί
1441 1578 1529 1652 δείξας

403 1684 446 1741 ότι
467 1682 600 1764 άκέραλος
621 1685 667 1740 καί
688 1682 801 1748 ἄτακτος
822 1684 868 1740 καὶ
883 1684 988 1764 ἀσαρὴς
1004 1684 1019 1740 6
1034 1680 1126 1760 λόγος,
1151 1680 1278 1758 βούλεται
1298 1683 1341 1740 ἐπὶ
1364 1685 1410 1741 τὸν
1432 1685 1527 1741 ἑαυτοῦ

340 1797 372 1848 10
404 1782 487 1860 λόγον
506 1782 552 1838 τόν
569 1804 598 1840 τε
613 1782 746 1862 πρότερον
760 1783 805 1839 καῖ
822 1783 934 1861 ὕστερον
949 1780 1048 1850 ἐλθεῖν,
1065 1781 1109 1836 καὶ
1124 1775 1211 1846 δεῖξαι
1224 1787 1284 1847 πῶς
1300 1783 1314 1838 6
1329 1783 1426 1840 ἑαυτοῦ
1442 1779 1526 1860 λόγος

404 1881 442 1945 ῶς
463 1881 531 1961 ρωτὶ
550 1885 584 1956 τῇ
604 1879 723 1952 ἀληθείᾳ
741 1880 888 1955 ἑπόμενος,
911 1880 957 1935 καὶ
980 1877 1055 1944 είδὼς
1076 1879 1126 1948 τὴν
1147 1878 1224 1959 ρόσιν
1245 1881 1283 1936 ῶν
1305 1877 1403 1953 μέλλει
1425 1877 1524 1957 λέγειν,

405 1977 612 2057 μετεχειρίσατο
634 1977 760 2055 ἐκάτερον
779 1983 834 2033 τῶν
855 1976 983 2034 ἐναντίων
1002 1975 1102 2054 λόγων,
1118 1977 1164 2032 τόν
1182 1977 1252 2033 κατόι
1272 1973 1372 2057 ἔρωτος
1393 1977 1439 2034 καί
1462 1977 1526 2058 ὑπὲρ

403 2073 516 2154 ἔρωτος.
531 2109 570 2118 —-
585 2074 652 2133 Ἐπί
666 2073 695 2132 δέ
707 2075 781 2140 τοὺς
797 2076 929 2154 ἐτέρους
946 2073 1067 2153 λόγους
1081 2074 1154 2152 λέγει
1169 2074 1232 2138 τοὺς
1250 2077 1317 2150 μετὰ
1333 2074 1469 2148 ἀληθείας.
1487 2109 1526 2119 -

404 2170 460 2229 Ἦν
474 2173 533 2252 γάρ
547 2194 578 2228 τι
593 2172 623 2230 ἐν
638 2172 763 2236 αὐτοῖς·
780 2173 810 2230 τὸ
825 2172 952 2254 τεχνικόν
963 2172 1010 2228 καί
1025 2173 1056 2228 τὸ
1072 2170 1145 2236 ὅπως
1160 2169 1201 2229 δεῖ
1216 2172 1338 2252 γράφειν.

341 2380 371 2429 15
444 2344 513 2430 ροό’,
537 2347 689 2407 Ἐναντίω
711 2371 772 2408 που
793 2347 910 2430 ἤστην]
933 2351 991 2409 265
1014 2350 1051 2410 Α,

442 2511 473 2564 01
488 2507 534 2566 δόο
549 2507 624 2587 λόγοι
638 2509 754 2567 ἐναντίοι
767 2511 847 2582 ἦσαν·
864 2511 879 2566 δ
895 2511 944 2584 μὶν
961 2511 1011 2588 γάρ
1030 2507 1127 2589 ἔλεγεν
1149 2509 1191 2568 ότι
1215 2512 1250 2567 οὐ
1273 2509 1324 2568 δεῖ
1345 2517 1386 2590 τῷ
1408 2512 1526 2592 δρῶντι

400 2607 592 2686 χαρίζεσθαι
613 2606 705 2678 ἐπειδὴ
730 2605 859 2686 μεγάλων
879 2613 971 2664 κακῶν
993 2610 1007 2665 6
1029 2608 1144 2688 ἐραστὴς
1164 2607 1267 2686 γίνεται
1287 2607 1386 2680 αέτιος,
1411 2612 1426 2667 6
1446 2607 1475 2666 δέ
1492 2611 1525 2666 τὰ

402 2703 509 2761 ἐναντία
523 2705 565 2761 ότι
579 2703 628 2762 δεῖ
641 2711 683 2784 τῷ
699 2705 816 2785 ἐρῶντι
831 2707 1023 2787 χαρίζεσθαι
1037 2707 1081 2762 καῖ
1099 2704 1205 2785 μεγάλα
1219 2708 1305 2786 ἀγαθά
1318 2707 1348 2764 ἐκ
1362 2714 1409 2765 τοῦ
1425 2705 1525 2787 ἔρωτος

403 2801 514 2880 γίνεται.
538 2808 597 2868 Πῶς
617 2801 663 2860 οὗν
681 2801 790 2861 δόναται
808 2805 841 2860 τόι
859 2803 966 2861 ἐναντία
984 2805 1044 2884 περὶ
1064 2811 1113 2861 τοό
1133 2805 1214 2862 αὐτοῦ
1234 2804 1369 2884 λέγεσθαι,
1388 2807 1411 2863 εί
1427 2809 1464 2881 μη
1482 2827 1523 2870 τις

338 2921 371 2972 20
402 2898 459 2958 οίδε
473 2903 524 2972 τήν
538 2902 615 2983 ρόσιν
628 2906 674 2958 τοῦ
690 2901 850 2980 λεγομένου,
868 2903 907 2967 ὡς
922 2908 966 2959 νῦν
981 2909 1029 2959 τοῦ
1044 2899 1161 2982 ἕρωτοςς

443 3069 512 3149 ια’·
536 3069 656 3144 ’Ὤιμην
677 3091 711 3126 σε
731 3069 890 3146 εειηιιε]
914 3071 971 3128 265
994 3069 1030 3129 A.

443 3230 549 3304 Ἐπειδὴ
564 3233 609 3290 καί
624 3234 750 3313 ἑκάτερος
765 3233 854 3290 αὐτῶν
870 3233 970 3308 μανίαν
984 3235 1043 3290 τινόι
1058 3230 1130 3311 ἔλεγε
1145 3234 1191 3289 τόν
1206 3231 1304 3312 ἔρωτα·
1321 3234 1365 3289 καί
1381 3234 1433 3314 γὰρ
1446 3235 1492 3290 καὶ
1508 3235 1522 3290 6

401 3329 498 3396 Λυσίας
512 3330 588 3410 ἔλεγε
603 3333 641 3406 μη
658 3329 715 3388 δεῖν
729 3331 888 3412 χαρίζεσθαι
901 3335 938 3409 τῷ
956 3330 1051 3411 ἐρῶντι
1066 3329 1156 3402 ἐπειδὴ
1170 3333 1185 3388 δ
1202 3333 1260 3406 μὶν
1276 3333 1443 3406 μαίνεται,
1460 3335 1475 3389 δ
1490 3330 1523 3389 δὲ

402 3435 574 3509 σῶρρονεῖ·
591 3430 636 3485 καὶ
652 3430 666 3484 ό
681 3427 796 3485 Πλάτων
809 3426 837 3486 δὲ
851 3434 885 3504 τῇ
901 3429 968 3504 αὐτῇ
983 3429 1055 3508 ἀρχῇ
1071 3429 1205 3509 ἐχρήσατο
1217 3434 1251 3504 τῇ
1268 3429 1362 3504 μανία,
1378 3431 1423 3486 καὶ
1437 3427 1521 3487 διεῖλε

338 3543 369 3594 25
401 3527 452 3596 τὴν
468 3525 566 3601 μανίαν
579 3527 616 3592 είς
631 3524 689 3599 δόο,
703 3527 753 3597 τήν
771 3529 818 3602 μέν
833 3527 1012 3606 ἀνθρωπίνην,
1029 3529 1078 3598 τὴν
1094 3523 1123 3582 δὲ
1134 3527 1211 3584 θείαν
1222 3526 1328 3587 καλῶν.
1344 3563 1382 3572 -
1397 3527 1520 3593 Μανίας

402 3621 435 3680 δέ
454 3621 526 3695 είδη
547 3622 613 3680 δύο·
636 3625 720 3700 ἣμὲν
739 3623 842 3705 χείρων
862 3629 916 3681 τῶν
935 3623 1122 3703 ἀνθρωπίνων,
1138 3627 1155 3695 ἢ
1173 3621 1201 3680 δέ
1214 3625 1351 3703 κρείττων,
1370 3625 1464 3697 ἥντινα
1477 3628 1521 3682 καῖ

402 3721 437 3786 είς
447 3721 560 3799 τέσσαρα
571 3720 712 3796 κατέτεμε.
724 3726 842 3778 -Τῶν
858 3721 1025 3778 εἰωθότων
1039 3721 1200 3796 νομίμων·
1218 3721 1310 3800 οόγάρ
1322 3723 1354 3778 τόι
1366 3724 1520 3780 καθεστῶτα

400 3820 508 3900 πράττει
522 3821 536 3876 6
550 3821 668 3900 κάτοχος
684 3826 721 3900 τῷ
736 3827 796 3896 3εῷ
809 3821 965 3900 γινόμενος·
980 3820 1068 3878 οὐκέτι
1081 3821 1132 3900 γάρ
1151 3821 1246 3878 ἑαυτοῦ
1264 3817 1346 3893 ἔστιν,
1365 3818 1438 3878 ἀλλά
1454 3819 1519 3885 όλος

401 3914 552 3975 έπιδέδοται
564 3925 626 3984 τοῖς
641 3925 730 3982 θεοῖς.

431 4137 460 4186 13
481 4135 516 4187 εί.
537 4135 622 4186 schol.
642 4135 678 4186 ad
695 4135 742 4186 264
760 4137 785 4185 A
805 4137 840 4200 (p.
860 4135 916 4196 2141
936 4151 942 4186 :
963 4137 1060 4204 ἐτέρους
1078 4138 1178 4201 λόγους·
1196 4133 1253 4194 τοὺς
1273 4137 1324 4200 μετ’
1342 4137 1458 4200 άληθείας

398 4205 429 4256 23
446 4207 514 4271 ἐλεγι
528 4205 574 4256 2³1
591 4207 614 4255 D
627 4221 633 4256 :
649 4207 685 4256 ci.
701 4206 747 4256 244
761 4209 786 4256 A

431 4325 478 4376 NC
494 4327 508 4375 1
525 4327 710 4394 παραδέδωκεν]
725 4329 869 4393 παρέδωκεν
886 4327 913 4376 Μ
978 4327 993 4376 4
1010 4329 1068 4390 ἡμῖν
1085 4325 1112 4374 Μ
1178 4327 1193 4375 5
1209 4326 1253 4386 εἰς,
1269 4344 1281 4377 ε
1295 4327 1369 4377 rubr.
1383 4332 1407 4377 A
1421 4331 1464 4390 (ex
1479 4331 1519 4380 ἐπὶ

399 4403 429 4445 ιιι
445 4396 562 4459 videtur)
627 4401 740 4464 έταίρους
760 4397 829 4448 Plat.
849 4395 954 4448 ood.B
1017 4397 1093 4446 θδεῖ
1110 4409 1165 4446 om.
1183 4396 1210 4445 M
1275 4397 1519 4465 7κατωρθωμένων]

398 4467 598 4534 κατορθωμάτων
613 4469 640 4518 Μ
704 4469 720 4519 8
736 4473 779 4520 τοῦ
795 4469 971 4535 ἡμαρτημένου
987 4471 1000 4518 6
1015 4471 1149 4532 φιλόσοφος
1164 4467 1194 4516 Μ
1258 4468 1289 4518 10
1302 4469 1364 4532 πῶς]
1380 4469 1416 4520 ότι
1429 4473 1466 4518 A·

400 4538 428 4588 11
446 4544 479 4597 ὡς
494 4539 589 4603 seripsi
603 4554 609 4590 :
625 4539 667 4591 άτε
679 4539 741 4590 libri
806 4539 833 4588 13
848 4538 898 4604 ἐπὶ]
911 4539 946 4596 τίς
961 4537 1029 4588 Plat.
1045 4539 1080 4587 υί.
1096 4539 1111 4586 5
1175 4539 1204 4588 14
1220 4539 1248 4589 τό
1263 4545 1327 4590 ante
1342 4539 1409 4598 ὃπως
1421 4553 1476 4591 om.
1489 4541 1517 4591 M

460 4608 491 4658 15
508 4613 619 4670 ἐναντίω,
631 4615 643 4662 ἐ
656 4611 729 4660 rubr.
743 4613 767 4660 A
831 4609 861 4659 18
875 4611 917 4660 καί
930 4635 960 4644 -
975 4610 1005 4658 19
1018 4611 1132 4672 λέγεσθαι
1145 4623 1199 4659 om.
1211 4609 1262 4658 EM
1327 4610 1359 4660 20
1372 4613 1519 4676 λεγομένου]

399 4681 525 4746 ἐρωμένου
540 4679 591 4730 EM
603 4681 639 4731 τί.
650 4681 732 4740 2346
795 4680 896 4747 έρωτος]
913 4683 1018 4747 ἐρῶντος
1029 4679 1057 4728 Μ
1070 4680 1105 4728 σί.
1117 4680 1173 4738 205,
1184 4679 1213 4730 ll
1278 4681 1307 4731 21
1325 4679 1405 4747 ᾤμην,
1419 4681 1439 4732 ὤ
1451 4681 1517 4746 (σέο)

399 4751 473 4800 rubr.
494 4755 516 4800 A
580 4751 657 4802 25-26
674 4757 761 4816 μανίας
783 4755 808 4803 δέ
828 4769 855 4816 γε
875 4751 945 4800 Plan.
1009 4749 1040 4800 25
1060 4753 1102 4800 καί
1120 4763 1174 4800 om.
1192 4751 1222 4799 M
