3660 5686
482 603 514 655 ⁴8
862 592 1001 644 EPMElOl'
1023 593 1220 646 ΦΙΛΟΣΟΦΟΥ

400 757 450 826 [83]
483 759 549 824 νῶν,
571 753 608 816 είς
630 752 714 824 αὐτὴν
736 749 764 809 δέ
783 752 834 821 τήν
855 750 973 808 διάνοιαν
993 757 1041 808 τοῦ
1061 751 1120 809 νέου
1140 753 1235 810 τείνων
1255 755 1306 824 τὴν
1326 749 1471 831 ὠφέλειαν.
1496 751 1534 808 ’Ἢ
1558 738 1610 808 καὶ

482 848 586 916 άλλως·
604 849 696 922 ἐπειδὴ
711 851 780 907 κατά
794 856 841 908 τοῦ
856 845 955 930 ἔρωτος
969 855 1015 907 τοῦ
1031 849 1104 914 ὅπως
1115 851 1180 908 ποτὲ
1193 849 1343 928 λεγομένου
1363 848 1463 929 ἔρωτος
1480 851 1532 907 ὑπὸ
1549 855 1610 907 τῶν

481 947 597 1006 πολλῶν
616 953 662 1005 τοῦ
682 945 834 1006 ἀκολάστου
854 946 952 1022 μέλλει
971 947 1072 1026 λέγειν,
1094 946 1136 1005 διὰ
1154 953 1234 1005 τοῦτο
1254 946 1463 1025 ἐγκαλύπτεται·
1486 946 1528 1004 δεῖ
1549 950 1609 1027 γάρ

483 1047 516 1104 τά
534 1046 655 1122 ὀνόματα
671 1051 726 1102 τῶν
744 1043 821 1102 θεῶν
841 1041 928 1102 σέόειν
947 1047 993 1102 τὸν
1012 1045 1192 1120 έπιοτιξμονα,
1210 1046 1277 1102 όπου
1293 1041 1341 1125 [δ’]
1359 1043 1390 1102 δν
1406 1045 1531 1116 κέωνται,
1551 1044 1608 1102 κᾶν

436 1149 451 1200 5
483 1143 525 1202 ίπ’
541 1143 634 1202 ἄλλων
648 1143 714 1201 αὐτά
729 1145 939 1218 σημαινομένων
953 1145 980 1200 οί
995 1143 1096 1202 πολλοὶ
1110 1145 1292 1223 μεταφέρωσι·
1309 1141 1409 1200 διὸκαὶ
1426 1143 1609 1224 αίσχόνεσθαί

483 1264 575 1322 φησιν.
591 1241 627 1298 Ἢ
639 1243 681 1299 δτι
695 1243 733 1308 ὡς
748 1239 863 1316 εἴπομεν
878 1241 1010 1300 ἐλάττονα
1022 1250 1072 1312 τῆς
1085 1242 1180 1298 έαυτυῦ
1194 1239 1276 1307 ’ἕξεως
1291 1240 1406 1320 ἐνεργεῖ.
1424 1240 1460 1297 Ἢ
1476 1241 1519 1298 δτι
1532 1240 1609 1296 κατά

483 1347 531 1398 τοῦ
545 1341 619 1404 ὅπως
634 1341 700 1398 ποτέ
712 1336 811 1420 έρωτος
827 1337 926 1414 μέλλει
937 1339 1039 1419 λέγειν·
1054 1339 1094 1397 διὸ
1109 1341 1154 1396 καί
1167 1340 1324 1418 καθάρσεως
1338 1361 1404 1420 φησι
1416 1337 1520 1396 δεῖσθαι
1533 1339 1609 1414 μετά

482 1439 512 1496 τὸ
529 1439 613 1496 εἰπεῖν
627 1439 673 1495 τὸν
689 1438 786 1518 λόγον,
801 1439 839 1502 ὠς
854 1437 981 1518 ἁμαρτὼν
996 1438 1033 1502 είς
1047 1439 1094 1494 τὸν
1108 1435 1177 1494 θεὸν
1196 1439 1242 1494 τὸν
1256 1437 1363 1518 ΙἘρωτα
1377 1437 1422 1493 καί
1442 1437 1607 1518 άρχόμενος

483 1545 532 1608 τῆς
552 1533 719 1612 παλινῳδίας
740 1539 784 1593 καί
804 1533 915 1613 μέλλων
936 1536 1064 1612 άνυμνεῖν
1085 1536 1130 1593 τὸν
1149 1533 1230 1594 θεῖον
1251 1536 1295 1592 καί.
1319 1534 1533 1594 ἐνθουσιαστικὸν
1557 1536 1609 1592 καὶ

422 1634 452 1687 1⁰
483 1635 626 1716 άναγωγδν
650 1631 750 1715 έρωτα,
774 1639 870 1692 τοῦτον
895 1637 926 1692 δν
953 1639 999 1692 νῦν
1026 1634 1123 1710 μέλλει
1150 1632 1241 1713 λέγειν
1268 1633 1350 1714 λόγον
1373 1632 1492 1713 Φαῖδρόν
1522 1655 1608 1714 φησιν

483 1733 617 1814 εἰρηκέναι
632 1732 674 1791 διά
688 1739 736 1790 τοῦ
752 1733 910 1814 Σωκράτους
924 1733 1070 1809 στόματος,
1087 1733 1140 1813 οὐχ
1154 1733 1259 1796 έαιιτόν,

526 1870 582 1949 μθ’.
607 1872 715 1952 Ἄγετε
738 1870 774 1942 δὴ
798 1872 821 1929 ὦ
846 1871 982 1952 Μοῦσαι]
1004 1873 1062 1931 237
1085 1870 1123 1934 Α.

523 2004 649 2087 ’Άρχεται
668 2006 716 2081 μὶν
736 2007 789 2063 ἀπὸ
810 2005 904 2086 εὐχῆς,
926 2008 961 2072 ὡς
981 2005 1060 2071 αὐτὸς
1077 2005 1105 2062 έν
1123 2003 1252 2080 Τιμαίῳ
1273 2005 1348 2062 εἶπεν
1370 2024 1386 2066 ιι
1403 2005 1455 2062 ἐπὶ
1476 2005 1604 2070 παντὸς

485 2105 571 2184 ὁρμῇ
590 2105 643 2161 καί
662 2109 805 2182 σμικροῦ
823 2105 1017 2185 πράγματος
1031 2102 1114 2161 θεὸν
1133 2103 1184 2161 δεῖ
1202 2101 1320 2162 καλεῖν
1337 2103 1506 2183 συνεργόν,
1524 2122 1540 2162 ιι
1556 2104 1606 2160 καῖ

422 2198 452 2248 ¹5
484 2201 525 2258 δτι
546 2198 639 2272 ἐπειδὴ
659 2201 801 2280 πρόκειται
820 2201 893 2276 αὐτῷ
912 2203 1020 2282 άνάγειν
1042 2203 1089 2260 τὸν
1111 2201 1182 2272 νέον,
1205 2209 1256 2273 τῆς
1279 2198 1306 2258 δὲ
1328 2202 1474 2280 ἀναγωγῆς
1495 2205 1607 2279 πρῶτοι

485 2298 570 2358 αἴτιοι
583 2301 628 2356 καί
643 2298 723 2375 μόνοι
737 2301 764 2358 οί
778 2297 844 2358 θεοί
856 2297 898 2381 (τά
913 2303 964 2380 γάρ
980 2299 1061 2372 ἄλλα,
1074 2303 1131 2358 οἷον
1145 2300 1191 2355 καί
1207 2297 1335 2374 δαίμονες
1350 2299 1395 2355 καί
1409 2301 1424 2355 ό
1437 2299 1604 2377 Σωκράτης,

485 2401 648 2478 ὑπουργικήν
673 2401 719 2456 καὶ
743 2399 885 2480 ὀργανικὴν
910 2407 966 2467 τοῖς
988 2399 1069 2465 θεοῖς
1094 2400 1284 2481 άποπληροῦσι
1307 2400 1426 2483 χρείαν),
1455 2400 1499 2459 διά
1520 2407 1605 2459 τοῦτο

484 2497 547 2562 τοὺς
559 2494 644 2562 θεοὺς
660 2497 852 2558 ἐπεκαλέσατο.
868 2499 898 2555 Τί
914 2497 943 2556 δέ
957 2500 1028 2556 ἐστιν
1041 2497 1144 2570 άλλοὴ
1162 2499 1230 2580 εὐχὴ
1246 2500 1264 2570 ἢ
1279 2499 1407 2574 ὁμοίωσις
1416 2500 1463 2556 καί
1476 2499 1606 2564 άνάτασις

484 2595 583 2674 ἡπρδς
600 2594 696 2660 αὐτοὺς
712 2599 730 2666 ἡ
746 2594 789 2653 διά
806 2605 855 2669 τῆς
874 2600 960 2673 ζωῆς;
979 2595 1085 2669 Ἐπειδὴ
1109 2595 1137 2654 δὲ
1157 2595 1257 2672 μέλλει
1277 2596 1315 2662 είς
1334 2597 1491 2678 συμφωνίαν
1514 2597 1605 2672 έαυτῷ

423 2687 454 2738 2⁰
485 2691 561 2774 άγειν
582 2695 627 2750 τὸν
648 2692 767 2774 Φαῖδρον
788 2697 833 2752 καί
854 2696 971 2775 ἁρμόσαι
991 2695 1072 2753 αὐτοῦ
1094 2694 1223 2774 βούλεται
1241 2697 1292 2767 τήν
1311 2699 1413 2775 ψυχὴν,
1428 2695 1474 2752 ’ένα
1495 2695 1604 2770 ἀποστῇ

485 2797 532 2848 τοῦ
547 2788 598 2858 ἔξω
612 2793 768 2873 κεχηνέναι,
785 2794 823 2858 είς
839 2792 867 2851 δὲ
881 2795 974 2852 ἑαυτὸν
989 2795 1136 2875 ἐπιστρέψῃ
1152 2796 1195 2851 καὶ
1211 2795 1242 2852 τὸ
1258 2794 1284 2852 έν
1302 2797 1387 2869 ἑαυτῷ
1403 2791 1508 2856 κάλλος
1527 2789 1605 2850 θεά-

486 2911 577 2964 σηται,
593 2899 642 2962 τῆς
657 2889 686 2947 δέ
697 2891 827 2970 ἁρμονίας
840 2893 886 2950 καὶ
901 2893 993 2974 φιλίας
1007 2893 1093 2950 αἴτιαι
1108 2895 1135 2948 αἱ
1151 2897 1266 2965 Μοῦσαι,
1281 2891 1324 2949 διά
1338 2897 1418 2950 τοῦτο
1433 2891 1479 2956 τάς
1494 2891 1605 2954 Μούσας

486 2985 664 3046 ἐπικαλεῖται·
685 2989 754 3046 ὥστε
773 2989 864 3062 ἐπειδὴ
882 2992 943 3070 περὶ
963 2989 1061 3072 ἔρωτος
1080 2990 1148 3058 ἦσαν
1168 2993 1194 3046 οῖ
1215 2990 1306 3068 λόγοι,
1321 2987 1415 3062 πολλὴ
1431 2987 1460 3046 δὲ
1472 2988 1604 3046 κοινωνία

485 3087 604 3150 Μούσαις
619 3085 664 3142 καί
677 3085 786 3168 Ἔρωτι,
802 3088 840 3151 ὡς
855 3090 900 3144 καί
915 3087 980 3164 μίαν
999 3089 1089 3145 αὐτῶν
1105 3085 1206 3168 Ἐρατὼ
1224 3085 1379 3160 καλεῖσθαι,
1397 3084 1441 3143 διά
1459 3091 1538 3142 τοῦτο
1554 3083 1604 3140 ἀπ’

423 3179 454 3228 25
486 3174 574 3242 αὐτῶν
594 3181 715 3264 ἄρχεται.
732 3217 771 3228 -
790 3183 842 3242 Διίο
861 3183 889 3242 δέ
908 3186 995 3243 οόσιῖιν
1014 3187 1110 3242 αἰτιῶν
1129 3186 1190 3264 περὶ
1206 3191 1255 3241 τοῦ
1275 3183 1407 3265 λιγείας
1428 3185 1474 3248 τάς
1492 3183 1603 3246 Μοόαας

396 3301 421 3348 p.
437 3286 468 3338 84
484 3279 650 3362 καΙλεῖσόαι,
668 3287 731 3357 μιᾶς
746 3282 795 3358 μἐν
808 3291 858 3355 τῆς
870 3283 922 3340 άπὸ
938 3291 987 3355 τῆς
1006 3283 1142 3362 ἐνεργείας
1157 3289 1211 3340 τῶν
1227 3288 1340 3340 Μουσῶν
1353 3281 1453 3352 αὐτῶν,
1467 3281 1558 3358 έτέρας
1573 3277 1606 3335 δὲ

486 3386 616 3453 <τῆς>
634 3379 687 3436 ἀπὸ
706 3387 756 3451 τῆς
775 3380 903 3460 ἱστορίας,
924 3381 1081 3462 άμφοτέρας
1099 3379 1196 3453 έθηκεν
1214 3381 1228 3436 ό
1246 3379 1372 3438 Πλάτων.
1390 3378 1536 3458 Ἱστοροῦσι
1549 3376 1605 3454 γάρ

487 3474 529 3532 δτι
551 3473 624 3542 έόνος
645 3498 672 3533 τι
694 3478 760 3557 πρὸς
782 3478 904 3560 έσπέραν,
930 3481 961 3536 τὸ
985 3481 1093 3560 Λιγύων
1116 3479 1189 3536 οὕτω
1212 3477 1395 3554 καλούμενον,
1422 3475 1508 3538 οὕτως
1533 3473 1605 3552 ἄγαν

488 3575 691 3650 μουοικώτατόν
706 3575 776 3634 έστιν
791 3579 829 3642 ὡς
846 3575 915 3654 μηδέ
930 3577 956 3636 έν
971 3585 1026 3644 τοῖς
1039 3577 1172 3653 πολέμοις
1184 3581 1349 3656 πανστρατιᾷ
1367 3574 1511 3654 μάχεσθαι,
1528 3570 1603 3628 άλλά

518 3751 660 3816 δαίσομεν
678 3751 760 3814 rm
776 3752 821 3814 (ot.
841 3753 976 3817 32‚220t
998 3755 1037 3810 33.
1052 3755 1076 3816 25
1140 3753 1170 3806 13
1198 3752 1267 3804 Τιίιι.
1294 3753 1365 3804 270
1427 3749 1458 3801 28
1481 3751 1548 3808 ἵυνοε
1571 3775 1604 3784 -

486 3821 528 3881 49,
542 3822 557 3872 2
570 3825 659 3875 λοιποῦ
673 3840 704 3870 .-.
718 3823 803 3875 sohol.
817 3825 863 3878 2³7
876 3829 900 3877 Α
915 3829 951 3890 (p.
963 3826 1009 3877 267
1023 3827 1129 3888 Herm.)

518 3919 581 3970 ΤΙΤ
594 3921 624 3971 12
641 3920 707 3988 άρχὴ
720 3925 763 3973 τοῦ
779 3923 930 3992 Σωκράτους
943 3925 1008 3976 κατὰ
1022 3929 1065 3976 τοῦ
1079 3927 1186 3991 αἰσχροῦ
1202 3925 1292 3990 ἐ’ρωτος
1309 3925 1386 3988 λόγου
1403 3920 1447 3971 BC

520 4020 847 4088 ΝΟλτείνωνῙτείναςΑ·
907 4025 1201 4090 2κατά]έκΜ;ιιί.6
1263 4025 1320 4076 W
1335 4023 1434 4075 seclusi
1501 4019 1604 4080 Ίόπώς

488 4113 548 4148 ποτε
564 4097 601 4145 Α*
661 4093 820 4162 δάμαρτὼν]
835 4096 984 4163 ἁμαρτάνων
999 4101 1035 4148 Aa
1098 4097 1128 4147 12
1142 4097 1223 4164 άγετε,
1236 4097 1253 4147 ά
1267 4094 1341 4145 rubr.
1354 4097 1378 4145 Α
1396 4108 1402 4144 :
1419 4091 1539 4159 άγεταιῦ

489 4171 617 4228 ὧοω.Α
681 4173 710 4224 13
728 4176 777 4226 άπὸ
793 4184 836 4240 τῆς
853 4177 929 4243 εὐχῆς
950 4178 978 4228 Μ
1043 4179 1073 4228 14
1096 4181 1174 4244 ὁρμῆς
1193 4176 1214 4227 E
1235 4175 1263 4226 in
1282 4188 1366 4240 marg.
1431 4175 1473 4224 καί
1494 4177 1603 4238 σμικροῦ

487 4250 530 4298 καὶ
546 4245 655 4312 μεγάλου
672 4244 816 4312 πράγματος
832 4245 901 4297 Plan.
966 4247 1012 4314 δεῖ]
1026 4248 1056 4312 δὴ
1070 4248 1100 4298 Μ
1114 4247 1181 4310 (jam
1193 4251 1349 4298 correxerat
1362 4247 1429 4306 Aer)
1493 4246 1548 4296 διὀν
1563 4245 1605 4296 άεί

488 4337 536 4370 που
550 4321 671 4368 καλοῦσιν
686 4316 756 4367 Plat.
772 4316 836 4380 (θεὸν
852 4317 1060 4385 <αυνεργὸν>ῖ>
1123 4316 1154 4370 λδ
1170 4320 1292 4370 κολεοῖο
1309 4319 1423 4381 δαίμονες
1439 4328 1493 4366 om.
1509 4314 1537 4364 Μ

489 4389 519 4438 19
539 4393 555 4452 ή
573 4393 637 4439 ante
659 4388 699 4440 διά
722 4401 776 4438 om.
799 4388 825 4439 M
889 4389 919 4440 21
943 4391 1010 4457 αὐτῷ
1031 4388 1060 4440 Μ
1123 4390 1154 4441 22
1172 4399 1215 4454 τῆς
1239 4389 1294 4441 δέ...
1318 4387 1348 4438 2³
1370 4391 1521 4454 ἐπικαλεῖται
1546 4399 1603 4436 om.

489 4457 552 4510 13⁴M
616 4459 646 4510 24
665 4455 790 4524 Μοίσαις]
808 4459 910 4511 Μοῦσαι
926 4461 954 4510 Μ
974 4459 1040 4523 (jam
1059 4465 1215 4512 correxerat
1234 4461 1302 4520 Asr)
1365 4457 1396 4508 26
1414 4467 1457 4521 τῆς
1478 4462 1537 4522 post
1560 4456 1604 4520 μὲν

489 4541 543 4580 om.
561 4529 588 4578 Μ
652 4527 682 4580 27
699 4536 741 4592 τῆς
755 4529 854 4593 post&
873 4529 964 4580 addidi
1026 4530 1058 4581 28
1074 4532 1135 4596 πρὸς
1150 4529 1266 4597 ἑσπέραν]
1282 4530 1509 4596 ἢπειρωτιιιδντῶν
1527 4529 1605 4578 έοπε-

491 4604 549 4666 ρέων
577 4601 662 4651 schol.
725 4598 765 4665 rb]
782 4609 831 4650 τῶν
852 4601 880 4652 Μ
945 4598 1149 4665 καλούμενον-
1172 4601 1235 4667 άγαν
1254 4614 1310 4653 om.
1329 4599 1414 4651 schol.
1478 4597 1510 4648 29
1526 4597 1603 4662 έστιν]

490 4669 555 4722 εἶναί
570 4690 643 4736 φασιν
657 4672 742 4722 schol.
807 4667 850 4737 ὡς]
866 4669 930 4723 ὥστε
945 4671 973 4722 Μ
989 4687 994 4723 :
1013 4673 1049 4724 cf.
1065 4673 1104 4732 49,
1119 4674 1134 4722 ό
1150 4673 1193 4737 (ὡς
1207 4674 1249 4724 καὶ
1266 4669 1362 4736 schol.)
1428 4669 1461 4736 μὴ
1476 4669 1502 4720 δὲ
1515 4672 1540 4718 Α

490 4742 644 4808 πανατρατιλι
658 4744 682 4792 Α
