3660 5686
565 539 619 589 ΕΙΣ
640 539 701 592 TON
724 539 899 590 numios
921 540 1065 592 ΦΑΙΔΡΟΝ
1088 541 1209 592 ΣΧΟΛΙΑ
1409 555 1453 606 103

227 705 291 772 [1111
324 703 417 782 έχεται
436 700 466 755 τὸ
489 697 566 754 διότι·
591 696 620 753 ἐκ
641 697 692 776 γὰρ
712 693 745 752 33
763 705 814 767 τῆς
835 695 928 782 οόσίας
949 696 1035 768 αὐτῆς
1055 691 1115 778 θ’χει
1135 697 1165 753 τὸ
1181 696 1311 754 ἀθόιατον
1325 701 1344 770 3
1363 699 1451 780 ψυχή.

325 801 382 878 Πρδ
397 806 448 870 τῆς
468 795 514 854 οὗν
534 794 736 873 ἀνεπτυγμόνης
754 796 799 850 καί
817 793 985 875 διῃρημένης
1005 795 1050 850 καί
1065 792 1268 870 ἀνηπλωμένης
1284 793 1453 863 ἀποδείξεως

325 898 356 954 τὸ
372 893 616 974 συνεσπειραμένον
634 895 678 950 καί
693 895 763 968 όμοῦ
784 895 815 948 τὸ
831 893 873 949 ότι
892 891 1009 950 τόδιότι
1027 892 1157 974 περιίχον
1174 895 1336 973 προσέθηκε.
1356 895 1407 952 Δόο
1427 894 1455 953 δί

326 997 377 1054 εἶσι
392 992 506 1072 συλλογι
508 1015 572 1068 σμοι
565 992 730 1049 ’ἐνταῐιθα’
718 990 845 1048 αποδεικτ
849 994 910 1066 ικυί,
928 989 961 1048 δι’
976 993 1045 1062 ὧνή
1062 999 1111 1062 τῆς
1129 995 1221 1072 ψυχῆς
1241 993 1401 1050 ιἰθανασία’
1389 1015 1454 1050 απο-

279 1101 294 1148 5
327 1093 504 1164 δείκνυται,
493 1089 696 1155 πἐόθείας
682 1089 858 1164 οιικνόμενοι,
883 1087 973 1152 εἴςδὲ
995 1087 1248 1161 ἅλλοςθδιὰτῆς
1268 1092 1305 1154 εἷς
1326 1090 1454 1148 ἀδύνατον

327 1193 485 1270 ἀπαγωγῆς.
505 1186 624 1248 Ἀλλὰ
610 1187 694 1244 οιθιτι
688 1185 1290 1268 ’τοσοῦτοςθτῶιουλλογισμῶνάριθμόςς
1307 1186 1453 1268 οὐγὰρδί,

328 1289 422 1352 ἁπλῶς
442 1286 549 1360 πλῆθος
570 1286 790 1366 ἐπιχειρημάτων
813 1286 935 1344 ἐκθέσθαι
959 1283 1088 1362 βούλεται
1112 1284 1141 1364 (3
1164 1286 1215 1366 γὰρ
1237 1285 1268 1343 θν
1290 1289 1335 1344 καί
1357 1285 1454 1351 ἄλλοις

327 1388 451 1446 πλείοσιν
481 1387 617 1467 ἐχρήσατο
646 1386 683 1449 ὡς
711 1385 737 1441 ἐν
763 1383 938 1464 Φαίδωνι),
969 1383 1034 1446 ἀλλ’
1059 1384 1170 1448 οἰκείως
1200 1384 1326 1457 δηλονότι
1357 1387 1455 1464 ἑκάστη

328 1483 502 1567 πραγματείᾳ
524 1491 637 1565 χρῆται.
663 1488 715 1539 Νῦν
737 1483 789 1562 γὰρ
813 1484 850 1548 ὡς
873 1482 989 1558 είπομεν
1013 1483 1043 1540 ίκ
1065 1491 1115 1554 τῆς
1142 1484 1235 1550 οὐσίας
1257 1486 1302 1542 καί
1322 1491 1375 1541 τῶν
1395 1483 1455 1542 καθ’

266 1590 296 1641 1θ
328 1585 394 1642 αθτόι
416 1583 593 1665 ὑπαρχόντων
616 1586 650 1658 33
671 1585 747 1661 ψυχῇ
770 1581 844 1663 φέρει
862 1583 894 1638 33
914 1581 1126 1662 ἐπιχειρήματα·
1148 1585 1220 1663 φημί
1239 1582 1267 1642 33
1286 1583 1339 1656 ότι,
1361 1580 1455 1654 ἐπειδὴ

327 1684 468 1764 πρόκειται
483 1681 614 1738 ἀθάνατον
630 1676 714 1746 δεῖξαι
727 1682 774 1751 την
786 1682 889 1760 ψυχὴν,
903 1680 948 1735 ἐὰν
961 1677 1077 1755 εἰδῶμεν
1091 1680 1172 1738 πόσοι
1186 1681 1281 1760 τρόποι
1295 1683 1346 1738 είσί
1360 1685 1458 1761 φθορᾶς

328 1783 372 1838 καί
392 1776 570 1854 ἐπιδείξωμεν
591 1777 633 1834 ότι
654 1777 714 1834 κατ’
736 1775 832 1834 οὐδένα
853 1777 941 1834 αὐτῶν
961 1777 1097 1858 φθείρεται
1115 1781 1238 1860 ἡψυχὴ,
1256 1777 1407 1860 δεδειχότες
1426 1777 1457 1834 δν

331 1877 430 1955 εἴημεν
447 1878 487 1935 ότι
505 1876 641 1958 ἄφθαρτός
662 1877 774 1934 ἐστικαὶ
790 1876 957 1956 ἀνώλεθρος,
973 1878 1018 1932 καὶ
1032 1875 1118 1948 δῆλον
1133 1877 1175 1934 ότι
1188 1878 1333 1943 ἀθάνατος.
1351 1885 1406 1936 Πᾶν
1423 1875 1456 1948 33

329 1980 360 2035 33
380 1977 558 2057 φθειρόμενον
578 1974 662 2055 διχῶς
682 1975 827 2056 φθείρεται·
850 1976 867 2044 3
887 1976 937 2054 γὰρ
958 1975 1023 2032 αὐτὸ
1045 1975 1088 2056 ὑφ’
1108 1977 1203 2034 ἑαυτοῦ
1221 1975 1262 2032 διὰ
1276 1979 1325 2048 τὴν
1339 1975 1366 2032 ἐν
1384 1975 1457 2049 αὐτῷ

269 2081 298 2132 15
332 2077 413 2148 ὕλην,
434 2075 451 2146 3
476 2069 587 2140 ἔξωθεν·
612 2075 670 2130 οἷον
691 2075 721 2129 τὸ
749 2069 830 2140 ίόλον
855 2073 901 2130 καί
925 2073 1053 2148 κείμενον
1079 2075 1162 2148 μόνον
1184 2067 1317 2155 φθείρεται
1341 2073 1385 2130 διὰ
1410 2076 1459 2144 τήν

332 2175 359 2232 ἐν
375 2174 449 2248 αὐτῷ
468 2171 602 2243 σηπεδόνα
624 2171 662 2251 (ἐν
682 2173 770 2246 ἑαυτῷ
789 2172 840 2251 γὰρ
860 2167 919 2252 ἔχει
938 2173 969 2228 τὸ
992 2170 1079 2228 αίτιον
1099 2181 1150 2245 τῆς
1172 2177 1280 2254 φθορᾶς·
1304 2173 1342 2236 ὡς
1364 2172 1409 2229 καί
1431 2171 1458 2228 ἐν

333 2269 496 2342 Πολιτείᾳ
516 2270 589 2327 εἶπεν
608 2269 648 2325 ότι
666 2275 718 2326 πᾶν
738 2268 769 2324 τό
790 2269 967 2350 φθειρόμενον
985 2271 1036 2326 ὑπὸ
1055 2278 1105 2341 τῆς
1123 2271 1226 2334 οίκείας
1241 2271 1338 2334 κακίας
1356 2269 1459 2351 φθείρε·

331 2369 399 2448 ται),
416 2370 433 2440 θ,
450 2368 558 2435 ἔξωθεν·
576 2367 684 2425 δόναται
696 2368 748 2447 γὰρ
760 2369 806 2424 καί
822 2376 991 2440 κατακαῆναι
1009 2370 1054 2426 καί
1073 2372 1284 2448 καταπρισθῆναι
1301 2369 1352 2425 όπό
1372 2390 1456 2432 τινος.

334 2467 438 2539 Ἐπειδὴ
461 2466 508 2524 οόν
528 2465 575 2524 330
592 2467 687 2546 τρόποι
708 2467 757 2523 είσί
771 2469 881 2548 φθορᾶς,
903 2465 945 2524 διὰ
964 2471 1045 2524 τοῦτο
1059 2468 1103 2523 καί
1119 2466 1165 2524 δόο
1178 2466 1358 2546 συλλογισμοὶ
1373 2463 1458 2534 33333·

229 2589 253 2637 p.
270 2571 315 2622 115
334 2571 428 2639 θησαϊ
450 2567 464 2622 3
485 2567 534 2640 μἐν
553 2567 604 2644 γὰρ
625 2563 752 2623 δείκνυσιν
774 2565 778 2644 ί
802 2565 845 2622 ότι
864 2563 921 2621 033'
942 2559 970 2630 ἐξ
989 2566 1086 2638 ἑαυτῆς
1105 2565 1240 2646 φθείρεται
1259 2568 1376 2645 ἡψυχὴ,
1394 2564 1458 2644 ὅπερ

336 2665 378 2723 333
399 2670 446 2722 303
468 2664 645 2734 αὐτοκινήτου
671 2661 786 2722 δείκνυσι
806 2665 852 2720 καί
873 2665 1037 2736 ἀεικινήτου·
1060 2667 1074 2720 3
1097 2663 1125 2720 δὲ
1147 2665 1189 2722 ότι
1210 2663 1271 2722 οὔτε
1294 2663 1338 2721 ὑπ’
1358 2661 1457 2733 ἄλλου,

336 2764 403 2842 όπερ
427 2761 469 2819 333
490 2768 537 2820 303
559 2762 628 2820 εἶναι
649 2763 734 2834 αὐτὴν
755 2762 843 2842 ἀρχὴν
866 2765 996 2834 κινήσεως
1017 2761 1156 2823 δείκνυσιν.
1181 2761 1240 2842 Ἆρ’
1266 2761 1311 2818 οὖν
1334 2762 1458 2842 ἑκάτερος

337 2862 426 2919 αὐτῶν
446 2859 549 2932 ἀτελής
570 2859 651 2930 ἐστιν,
668 2858 698 2916 ἐκ
716 2857 745 2916 δὲ
762 2858 935 3014 ρἰμφοτὲρωνἐ
941 2860 973 2916 τό
988 2858 1092 2917 τέλειον
1109 2866 1143 2936 τῇ
1159 2854 1291 2927 ἀποδείξει
1306 2855 1457 2935 συμόαίνει,

337 2959 531 3038 ἢὲνέκατὲρω
548 2955 766 3032 μἐναότοινό”
756 2978 846 3036 ετερος
863 2979 922 3037 περι
923 2959 1029 3039 ἔχεται,
1044 2958 1220 3077 προφαίνεται
1239 2958 1267 3016 δε
1285 2959 1411 3038 ἑκατέρου
1428 2960 1459 3015 τὸ

275 3058 453 3134 ειίδίωμα;
470 3058 505 3114 To
520 3056 787 3174 τεγὰρόο’ἑαυοῦ
804 3058 841 3130 μὴ
860 3057 1036 3138 φθειρόμενον
1052 3055 1457 3138 οιοθιυτ’ίίλλουφθααείη·

337 3155 401 3237 ἔχον
418 3158 468 3236 γὰρ
456 3155 551 3214 αότό
569 3155 595 3211 ἐν
616 3156 742 3230 ἑαυτῷ
718 3177 748 3220 το
766 3155 793 3210 αί
791 3152 854 3213 ’τιον
873 3161 921 3212 303
938 3156 1016 3212 ἑαυτὸ
1036 3157 1133 3230 σῴζειν
1147 3157 1192 3214 καί
1208 3157 1248 3214 ἀει
1241 3158 1351 3232 ἑαυτῷ
1369 3159 1458 3228 συνὸν,

337 3255 397 3312 πότ’
409 3253 440 3312 ἂν
456 3253 500 3311 ὑπ’
512 3251 599 3310 ἄλλου
614 3255 724 3335 φθαρείη
740 3254 874 3332 (τοιοῦτον
886 3256 937 3333 γόιρ
951 3256 981 3310 τό
997 3255 1175 3327 αὐτοκίνητον
1191 3257 1229 3320 ὡς
1246 3255 1431 3337 δειχθήσεται)
1437 3253 1456 3332 ;Ι

233 3365 323 3416 3463·
338 3357 369 3414 33
381 3378 411 3412 τε
426 3353 470 3412 ὑπ’
487 3351 575 3411 ἄλλον
591 3355 629 3429 μή
643 3355 833 3435 φθειρόμενον,
851 3352 924 3412 ἀλλὰ
940 3355 1011 3435 ἀρχὴ
1025 3355 1071 3412 καί
1085 3355 1157 3412 αἰτία
1165 3354 1240 3412 ιοῦσα
1253 3361 1301 3413 τοῦ
1316 3357 1412 3430 σῴζειν
1427 3358 1460 3414 33

338 3453 423 3524 ἄλλα,
440 3453 457 3524 3
474 3475 506 3531 γε
520 3453 632 3525 τοιαότη
647 3458 706 3517 πῶς
724 3451 755 3511 θν
772 3452 815 3533 ὑφ’
830 3454 928 3524 ἑαυτῆς
944 3454 1070 3534 φθαρείη·
1088 3455 1200 3526 τυιαότη
1216 3457 1267 3534 γὰρ
1285 3453 1460 3535 δειχθήσεται

277 3561 307 3610 30
337 3553 384 3624 3
371 3554 442 3672 αρχή
459 3559 508 3623 τῆς
522 3553 663 3622 κινήσεως·
679 3549 739 3608 οὕτε
754 3551 806 3629 γὰρ
822 3551 918 3607 ἐκτῶν
932 3551 996 3630 ὑπὲρ
1012 3551 1096 3623 αὐτὴν
1110 3553 1283 3632 φθείρεται,”
1266 3577 1284 3624 η
1298 3576 1330 3631 γε
1344 3553 1460 3683 σῴζετρι

339 3649 382 3710 ὑπ’
396 3650 495 3727 αότων
508 3648 571 3706 οὔτε
587 3649 685 3708 ἐκτῶν
700 3673 751 3726 μετ
753 3649 870 3722 ἀότήν,
882 3649 983 3721 3333'
958 3650 1028 3708 αιτία
1043 3650 1096 3708 3333
1108 3657 1156 3708 τοῦ
1172 3651 1297 3709 είναικαι
1289 3651 1443 3724 ζῆνά
1376 3652 1443 3709 αυτό

368 3938 502 4002 θεῖπομεν
517 3937 572 3996 102,
589 3935 619 3985 27
684 3935 714 3986 17
731 3937 970 4002 Repxfiossqq.
1042 3938 1072 3988 27
1090 3940 1248 4006 δειχθήσεται
1262 3940 1318 4002 106,
1333 3939 1374 3990 6-7

313 4047 315 4050 ¹
369 4066 431 4116 ΤίΤ
448 4067 462 4116 3
478 4069 567 4125 πόσοις
583 4069 761 4132 συλλογισμοῖς
774 4071 878 4120 ἐνταῦθα
891 4071 1013 4120 δείκνυται
1025 4070 1054 4120 33
1069 4067 1233 4136 πρόὸλημαῦ

371 4201 417 4252 ΝΟ
442 4201 456 4251 3
477 4203 504 4252 τὸ
525 4204 588 4250 anie
607 4200 643 4252 ὅτι
667 4200 788 4264 scripsi:
810 4211 845 4269 τῷ
863 4201 927 4251 libri
947 4201 982 4252 ct.
1001 4201 1056 4261 102,
1076 4201 1107 4251 29
1170 4202 1217 4266 ὅτι]
1242 4202 1293 4254 ὄντι
1319 4202 1348 4252 Μ
1412 4204 1463 4253 56

338 4287 392 4324 om
407 4273 434 4322 M
499 4272 707 4338 θὰναγωγῆςΜ
772 4272 1076 4338 8οίκείως]οίιιείαιςΜ
1142 4273 1315 4360 103'313331
1380 4275 1463 4326 13ότι

339 4344 561 4402 καίάθόινατοςΜ
626 4362 676 4410 γαρ
693 4343 767 4408 δηΜ
833 4346 1176 4396 1ι11ναιιίθαιτωοιιείί1
1240 4340 1461 4414 αότῷίὲαυτῷΜ

395 4415 557 4480 2οαότῆςΜ
618 4414 674 4464 21
661 4434 698 4467 οτι
715 4429 770 4465 om
783 4417 810 4466 Μ
874 4399 1063 4481 2230313334
1127 4419 1158 4483 ἄρ
1160 4419 1202 4467 Ἀ
1262 4417 1343 4467 2733
1358 4417 1463 4468 calcem

340 4489 438 4539 1¹35v⁰
452 4486 797 4538 hocschemainvenirur:
824 4486 946 4539 ἀθάνατον
996 4489 1134 4550 ἀεικίνητον
1184 4488 1345 4552 αὐτοκίνητον
1394 4487 1463 4554 ψυή

892 4553 1457 4630 ῌὲχ--Ἇκλ

341 4635 432 4699 [lincae
444 4635 530 4696 rubr.)
546 4633 581 4684 ci.
598 4632 653 4690 105,
665 4631 704 4682 28.
717 4633 780 4684 Duo
791 4635 933 4688 schemata
946 4639 1095 4702 conjuncta
1110 4640 1138 4689 in
1152 4638 1172 4689 G
1236 4637 1296 4687 29“
1283 4658 1299 4701 η
1312 4656 1340 4702 γε
1350 4637 1446 4701 scripsi

342 4709 399 4775 ᾐδὲ
414 4711 450 4756 Αι
466 4723 471 4758 :
490 4706 533 4770 ἥδε
553 4705 583 4754 Μ
648 4704 677 4754 31
696 4707 747 4769 μετ’
766 4707 843 4772 αὐτὴν
859 4711 954 4775 scripsi
973 4726 978 4762 :
1001 4714 1051 4776 μεθ’
1071 4710 1161 4778 ἑαυτὴν
1179 4711 1242 4762 libri
