3660 5686
533 494 588 544 ΕΙΣ
609 494 670 543 TON
693 493 869 544 ΠΛΑΤΩΝΟΣ
892 493 1035 543 ΦΑΙΔΡΟΝ
1059 492 1183 543 ΣΧΟΛΙΔ
1383 505 1428 555 107

203 649 268 716 {116}
301 645 480 722 ήπορήσαμεν
502 643 534 700 ἀν
555 643 581 700 τί
604 643 659 700 ἐστι
677 643 708 698 τὸ
730 640 821 700 αίτιον
841 648 890 700 τού
912 643 1043 700 τοσούτου
1065 644 1167 724 φωτὸς,
1190 645 1212 701 εἷ
1235 642 1262 702 δέ
1284 646 1330 701 καὶ
1350 645 1429 703 αὐτὸς

302 743 415 821 ἀόρατος
439 741 478 800 ὢν
500 743 685 820 κατηύγαζεν,
712 738 750 798 έτι
775 741 861 799 πλέον
885 741 917 800 ἀν
940 743 1133 822 ήπορήσαμεν,
1159 744 1231 800 οὕτω
1259 742 1292 814 δι’,
1318 747 1362 801 καὶ
1388 744 1430 802 ἐπὶ
1478 731 1481 740 ¹

302 845 401 922 ψυχῆς,
419 839 511 910 ἐπειδὴ
526 841 637 921 ἀόρατος
652 838 718 897 οὗσα
734 840 805 896 αίτία
818 840 874 898 έστίΙ
886 846 982 897 πασῶν
995 845 1050 897 τῶν
1069 845 1217 914 κινήσεων,
1235 843 1349 923 ἀπορίαν
1361 848 1430 919 ἡμῖν

301 941 447 1019 παρέσχεν.
469 937 572 1020 ’Ὥσπερ
595 937 641 995 οὖν
662 941 676 994 ό
697 936 779 1010 ἥλιος
802 940 835 996 τά
857 940 944 995 πάντα
966 939 1091 1019 φωτίζων
1113 941 1207 997 ἑαυτὸν
1227 941 1327 1016 πολλῷ
1346 943 1429 1000 πλέον

256 1043 271 1090 5
303 1039 435 1119 φωτεινόν
457 1043 542 1114 ποιεῖ,
566 1038 636 1094 οὕτω
660 1035 693 1108 δή
717 1039 800 1108 καὶὴ
826 1040 900 1118 ψυχὴ
925 1039 958 1094 τά
981 1038 1068 1096 πάντα
1090 1043 1202 1096 κινοῦσα
1224 1042 1321 1112 έαυτὴν
1345 1039 1426 1115 πολύ]

197 1147 223 1195 Ρ·
239 1130 284 1182 117
301 1136 434 1214 πρότερον
452 1141 531 1193 κινεῖ·
551 1133 664 1194 ἕκαστον
683 1136 734 1216 γάρ
753 1133 800 1216 ἀφ’
820 1137 916 1192 ἑαυτοῦ
936 1143 986 1207 τῆς
1008 1135 1144 1216 ἐνεργείας
1168 1137 1293 1219 ἀρχεται.
1315 1174 1355 1182 -
1377 1140 1429 1197 Καί

302 1233 552 1312 παραδειγματικάς
577 1232 605 1290 δέ
626 1235 714 1312 εύροις
736 1233 767 1290 ἀν
787 1235 835 1298 τάς
856 1242 906 1304 τῆς
927 1237 1020 1316 ψυχῆς
1042 1239 1163 1307 κινήσεις
1187 1241 1243 1292 τῶν
1268 1243 1431 1312 σωματικῶν

302 1335 446 1404 κινήσεων·
468 1329 599 1408 λα’όωμιν
618 1331 646 1390 δέ
666 1334 713 1396 τάς
734 1333 900 1407 σωματικάς·
924 1335 973 1390 εἶσί
994 1331 1023 1390 δέ
1042 1335 1119 1390 αύται
1143 1335 1215 1391 ὀκτὼ
1234 1337 1282 1392 τὸν
1302 1337 1429 1415 ἀριθμὸν,

302 1431 449 1502 παθητικαίΙ
474 1429 550 1488 ούσαι
572 1430 681 1505 μᾶλλον
703 1431 721 1503 ἣ
743 1431 896 1502 ποιητικαί·
919 1431 1021 1510 γένεσις
1045 1435 1141 1514 φθυρά,
1165 1428 1278 1506 αὔξησις
1302 1433 1430 1510 μείωσις,

242 1535 273 1585 λθ
304 1535 373 1614 φορά
389 1535 532 1614 περιφορὰ,
553 1533 690 1613 σύγκρισις
710 1533 850 1613 διίκρισις.
868 1531 911 1588 Ἐν
931 1529 978 1588 σύν
998 1537 1032 1610 τῇ
1053 1535 1127 1612 ψυχῇ
1144 1529 1258 1605 αύξησίς
1282 1532 1352 1592 ἐστιν
1368 1534 1432 1592 όταν
1455 1521 1459 1530 ’

305 1633 403 1703 ἑαυτὴν
419 1631 547 1722 ἐπιδοῦσα
561 1638 618 1696 τοῖς
632 1631 764 1711 κρείττοσι
777 1630 1008 1709 πολλαπλασιάζη
1028 1632 1126 1704 ἑαυτῆς
1146 1633 1192 1697 τὰς
1212 1634 1328 1704 νοήσεις·
1345 1633 1433 1713 φθίσις

306 1731 335 1790 δέ
349 1733 413 1788 όταν
428 1731 528 1788 ἐκεῖθεν
543 1731 712 1812 ἀφισταμένη
731 1731 907 1810 ἀσθενεστέρα
921 1731 1018 1801 ἑαυτῆς
1032 1730 1141 1808 γίνηται
1162 1731 1207 1786 καὶ
1223 1732 1356 1810 ἀργοτέρα
1371 1738 1431 1795 ταῖς

306 1833 425 1902 νοήσεσι·
442 1831 525 1888 πάλιν
540 1832 644 1909 γένεσιν
661 1829 710 1906 μέν
724 1835 898 1910 <φαμεν>
909 1830 959 1899 τὴν
976 1829 1095 1886 ἐντεῦθεν
1111 1829 1195 1900 αύτῆς
1211 1828 1316 1902 ἀνοδον,
1332 1831 1433 1911 φθοράν

307 1928 336 1985 δέ
354 1931 405 2000 τήν
423 1927 541 2010 ἐσχάτην
561 1928 613 1985 ἀπὸ
635 1934 683 1986 τοῦ
705 1934 804 2002 νοητοῦ
827 1933 941 1984 πτῶσιν·
964 1929 1009 1983 καὶ
1030 1927 1165 2007 σύγκρισιν
1188 1929 1238 2002 μἐν
1260 1931 1309 2000 τήν
1334 1929 1433 2007 ἀθρόαν

244 2021 276 2074 15
308 2026 402 2098 νόησιν
423 2028 467 2082 καίΙ
485 2027 536 2097 τήν
558 2031 612 2106 τῶν
638 2023 718 2083 εἰδῶν
740 2027 798 2101 ἀμα
820 2024 952 2103 Βεωρίαν,
977 2022 1106 2105 διάκρισιν
1131 2024 1159 2082 δὲ
1181 2027 1231 2096 τήν
1252 2017 1434 2106 μερικωτέραν

308 2125 400 2196 νόησιν
417 2125 462 2182 καὶ
481 2127 532 2196 τήν
550 2123 610 2182 κατ’
633 2122 704 2188 εἶδος
721 2125 750 2180 ἓν
770 2125 836 2181 θέαν
851 2123 974 2196 <δν>
988 2122 1125 2199 εἴποιμεν·
1147 2125 1217 2205 φορά
1232 2123 1264 2196 δή
1280 2129 1298 2196 ἡ
1313 2123 1375 2182 κατ’
1390 2125 1433 2183 εύ-

308 2226 384 2282 θεῑαν
400 2223 483 2294 αὐτῆς
497 2225 540 2280 καί
555 2225 592 2287 είς
608 2222 711 2302 γένεσιν
725 2223 843 2295 κίνησις,
859 2225 991 2303 περιφορὰ
1006 2221 1034 2279 δέ
1049 2226 1136 2294 ἡτῶν
1152 2222 1230 2280 εἱδῶν
1246 2222 1374 2303 περίοδος
1387 2225 1432 2280 καὶ

309 2315 425 2388 ἀνέλιξις
445 2323 489 2378 καὶ
510 2321 545 2386 εἰς
562 2321 593 2378 τὸ
612 2321 677 2379 αύτὸ
695 2321 921 2385 ἀποκατάστασις.
944 2321 1112 2400 Οίκειότερον
1129 2321 1177 2397 μέν
1194 2319 1240 2378 ούν
1258 2319 1376 2392 ἀποδοίη
1392 2343 1433 2384 τις

309 2419 340 2476 ἀν
359 2423 408 2492 τήν
429 2419 477 2494 μέν
496 2421 641 2500 περιφορὰν
660 2425 718 2484 ταῖς
737 2419 828 2482 θείαις
848 2422 963 2498 ψυχαῖς,
979 2420 1030 2492 τήν
1049 2416 1077 2474 δὲ
1094 2419 1178 2499 φοράν
1194 2425 1254 2482 ταῖς
1273 2421 1431 2498 ἡμετέραις·

246 2519 279 2570 20
309 2515 378 2580 ίδοις
399 2514 422 2573 δ’
439 2515 470 2572 ἀν
484 2518 530 2573 καὶ
547 2516 574 2573 έν
589 2523 648 2580 ταῖς
667 2517 759 2580 θείαις
777 2517 929 2596 ἀμφοτέρας
944 2517 992 2596 τᾲς
1007 2518 1135 2591 κινήσεις·
1153 2516 1256 2580 εύθείας
1273 2517 1432 2596 γάρ,,φησί,

311 2610 404 2673 λαθὼν
419 2617 433 2670 ό
448 2614 615 2694 δημιουργὸς
633 2615 672 2678 εἷς
689 2612 791 2670 κύκλον
810 2613 1012 2690 κατέκαμψε·
1031 2611 1117 2686 δῆλον
1133 2612 1179 2671 ούν
1195 2616 1233 2679 ὡς
1249 2613 1299 2670 ούκ
1314 2612 1373 2671 ’ἀνευ
1385 2618 1433 2670 τοῦ

310 2713 400 2775 εύθέος
421 2715 439 2783 ὴ
460 2712 575 2784 κυκλική
597 2712 651 2768 ἐστι
672 2713 775 2787 κάμψις
797 2712 843 2768 καί
865 2711 957 2784 νόησις
976 2718 1031 2768 τῶν
1052 2715 1161 2793 ψυχῶν·
1182 2713 1213 2768 τὸ
1234 2713 1286 2792 γάρ
1308 2715 1433 2792 καθαρῶς

310 2810 404 2884 κύκλῳ
417 2814 549 2868 κινεῖσθαι
565 2811 641 2886 μόνῳ
656 2811 784 2886 ἀπονέμει
798 2817 838 2886 τῷ
852 2817 901 2885 νῷ.
919 2810 949 2868 Ἡ
966 2809 994 2866 δέ
1009 2811 1090 2883 ένάτη
1105 2811 1212 2884 κίνησις
1228 2811 1288 2882 ἥτις
1305 2810 1360 2867 ἐστὶ
1378 2817 1433 2866 τῶν

311 2909 463 2983 ἀσωμάτων
476 2911 537 2989 περὶ
550 2915 607 2974 τοῖς
621 2909 754 2984 σώμασιν,
771 2911 826 2966 οἷαι
841 2909 1012 2988 θερμότητες
1027 2909 1044 2980 ἤ
1061 2902 1151 2984 ψύξεις
1169 2909 1186 2979 ἢ
1207 2908 1353 2990 έμψυχίαι,
1374 2906 1435 2989 έχει

250 3013 280 3062 25
311 3011 361 3078 τὴν
377 3007 631 3088 παραδειγματικήν
651 3008 739 3065 αίτίαν
759 3007 787 3064 ἐν
805 3015 840 3086 τῇ
861 3012 948 3092 ψυχῇ,
968 3009 1070 3080 καθὸθ,
1091 3009 1165 3090 ψυχή
1181 3015 1240 3072 τοῖς
1258 3007 1379 3082 σώμασιν
1394 3009 1434 3064 έν-

310 3106 404 3165 δίδωσι
425 3109 508 3180 ζωήν.
529 3141 568 3151 -
590 3104 651 3164 Ὅτι
669 3107 716 3182 μέν
736 3105 782 3164 ούν
802 3108 846 3164 καί
867 3105 1112 3186 πτραδειγματικαί
1136 3108 1201 3164 εἰσιν
1222 3107 1385 3180 <αίτίαι>
1407 3109 1435 3162 αἱ

310 3211 364 3262 τῶν
385 3210 482 3286 ψυχῶν
499 3207 617 3276 κινήσεις
638 3211 694 3262 τῶν
716 3209 879 3280 σωματικῶν
900 3205 1056 3284 ἀρκούντως
1082 3207 1284 3280 ύπομέμνηται·
1309 3204 1435 3262 λείπεται

311 3303 339 3360 δὲ
357 3307 401 3360 καίΙ
418 3304 526 3368 τελικάς
545 3303 626 3370 αύτάς
647 3301 798 3374 ἀποδεῖξαι,
820 3301 913 3374 ἐπειδὴ
934 3306 978 3360 καί
998 3306 1012 3360 ὁ
1033 3303 1179 3367 σπουδαῖος
1199 3303 1311 3361 ἐνταῦθα
1326 3304 1370 3360 καί
1385 3301 1434 3379 έμ-

343 3567 374 3618 20
394 3567 579 3620 Timaea*

305 3707 307 3712 ’
344 3709 406 3760 TIT
422 3711 438 3759 8
452 3709 517 3761 όκτώ
533 3727 593 3776 φησι
606 3709 650 3768 τάς
667 3709 813 3774 σωματικῶς
827 3707 974 3774 κινήσειςο

346 3858 393 3909 ΝΟ
413 3858 428 3910 l
448 3857 477 3910 ἀν
496 3870 551 3908 om.
572 3858 601 3908 M
664 3856 817 3925 θάόρατυς]
839 3854 973 3920 ἀσώματος
997 3854 1025 3904 Μ
1090 3861 1140 3905 τῶν
1158 3851 1251 3903 omisit
1271 3851 1298 3900 M
1363 3851 1437 3914 θεῆς

314 3929 447 4000 ἐνεργείας]
466 3931 510 3988 τάς
533 3933 657 3997 ἐνεργείας
680 3929 701 3980 L
762 3927 792 3978 11
817 3927 1029 3987 πολλαπλασιάζει
1054 3925 1076 3975 L
1139 3927 1227 3989 φθίσις,
1254 3921 1437 3987 suprascripto

315 4003 410 4052 eadem
432 4013 517 4052 manu
537 4005 639 4065 μείωσις
660 4000 688 4050 in
706 3999 733 4050 ll'
796 3999 827 4054 12
848 3997 947 4064 εαυτῆς]
967 4002 1043 4062 ἑαυτῆ
1063 3997 1091 4046 Μ
1110 3995 1176 4058 (iam
1197 3999 1354 4046 correxerat
1371 3993 1437 4054 Αετ]

377 4073 407 4123 λθ
423 4092 502 4139 φαμεν
519 4072 611 4122 addidi
630 4071 666 4123 ci.
681 4069 816 4122 addenda
831 4076 858 4121 ei
872 4055 1050 4133 σοννίμειιιίά,
1064 4068 1078 4117 7
1141 4067 1172 4117 16
1188 4065 1286 4131 νόησιν]
1303 4067 1398 4132 γένεσιν
1418 4063 1439 4114 L

315 4145 373 4206 (sed
390 4146 421 4196 in
441 4144 564 4210 margine
584 4144 720 4208 adscripto
742 4161 782 4210 γρ.
803 4143 899 4207 νόησιν]
965 4140 995 4193 ἂν
1018 4139 1111 4191 addidi
1175 4135 1216 4202 δὴ]
1238 4137 1265 4188 δὲ
1283 4141 1307 4188 Α
1328 4135 1375 4186 Lll‘

314 4216 345 4267 18
362 4215 575 4279 ἀποκατάστασις]
594 4213 747 4272 κατάστασις
762 4213 789 4262 Μ
855 4212 885 4262 21
902 4211 986 4262 λαθὼν
1001 4214 1014 4261 ό
1030 4209 1183 4276 δημιουργός
1198 4207 1228 4256 E'
1293 4206 1323 4257 22
1341 4205 1439 4269 ’iomi-

315 4284 502 4337 seruniLll'M
566 4285 595 4335 τὶν
612 4282 749 4350 μίνγάρΕ
812 4279 987 4344 θθθννάτηΜ
1050 4277 1261 4345 ίστίπερὶτῶνίσ
1324 4277 1438 4327 θίάσω-

317 4355 410 4422 μάτων]
421 4355 545 4422 σωμάτων
556 4355 573 4404 i'
637 4347 803 4419 οίαι]οίονΜ
819 4367 825 4402 :
840 4346 893 4404 οἷον
906 4357 931 4403 σί
944 4350 994 4400 Lli'
1058 4349 1090 4400 26
1105 4351 1180 4400 αίτίαι
1191 4347 1282 4398 addidi
1345 4346 1376 4396 27
1389 4355 1438 4398 τῶν

315 4426 414 4495 ψυχῶν]
428 4435 471 4491 τῆς
486 4432 570 4494 ψυχῆς
587 4424 660 4476 ELll'
723 4426 912 4488 ύπομίμνησται
931 4423 958 4471 Μ
978 4420 1033 4486 (vel
1047 4421 1163 4470 fortasse
1178 4419 1245 4482 Αετ]
1261 4433 1268 4468 :
1285 4419 1439 4482 ύπίμνησται

315 4499 416 4550 AELil'
437 4498 481 4562 (de
500 4499 597 4550 octaris
616 4495 758 4547 codicibus
776 4496 844 4546 nihil
863 4494 967 4556 notavit
990 4491 1064 4556 quod
1078 4498 1232 4542 monstrum
1247 4489 1368 4554 recipere
1384 4502 1438 4539 non

315 4584 399 4622 ausus
411 4583 474 4621 sum
536 4569 568 4620 28
584 4568 675 4634 potius
690 4565 719 4631 δὴ
735 4579 817 4630 quam
835 4567 861 4620 δὶ
878 4567 906 4616 in
922 4568 946 4615 A
961 4563 1060 4630 legeris
1123 4565 1166 4615 καὶ
1179 4563 1223 4624 τὰς
1237 4561 1335 4625 πελειὰς
1350 4559 1377 4609 ll‘

315 4645 357 4696 καί
374 4646 387 4693 θ
402 4641 539 4715 ίμφρωνῐ.
