3600 5734
464 584 519 636 ΕΙΣ
540 585 602 636 ’1οΝ
624 586 800 637 ΠΛΑΤΩΝΟΣ
822 586 964 638 emon
987 587 1110 640 ΣΧΟΛΙΔ
1307 600 1352 650 197

129 749 214 800 mov·
230 742 341 821 γοέσης.
359 775 398 789 -
411 743 446 799 Τὸ
461 741 489 800 δέ
503 742 742 826 διαθερμηνας,
763 744 767 823 Ι
785 743 905 802 τουτέστι
919 751 1004 801 πᾶσαν
1017 747 1109 827 ψυχὴν
1123 744 1165 802 διδ
1179 753 1226 817 τῆς
1240 748 1352 823 μνήμης

228 839 383 920 ἀναγαγών·
400 839 510 920 Ξέρμην
522 842 573 922 γὰρ
587 841 664 900 καλεῖ
677 844 728 914 τὴν
743 841 885 920 ἀναγωγὸν
900 840 1025 918 δύναμιν.
1040 877 1079 888 —-
1093 845 1147 914 Τὴν
1163 841 1192 900 δέ
1206 845 1354 920 ἀνάμνησιν

228 937 381 1010 αἴσθησιν
400 937 527 998 ἐκάλεσεν
542 939 633 1012 ἐπειδὴ
648 941 694 997 καί
709 943 727 1012 ἡ
744 937 870 1012 αίσθησις
885 938 943 1021 ἔχει
956 943 988 998 τὸ
1002 943 1163 1020 γνωστικὸν,
1179 944 1224 999 καὶ
1239 941 1351 1020 δύναμίς

228 1038 298 1094 έστιν
312 1039 330 1108 ἡ
347 1036 474 1110 αἴσθησις
488 1041 635 1115 γνωστική.

182 1197 197 1245 5
269 1189 318 1246 νε’.
345 1187 581 1266 Γαργαλισμοῖ
602 1185 648 1269 τε]
671 1188 730 1246 253
753 1187 790 1248 Ε.

268 1329 409 1389 Τουτέστιν
428 1331 493 1388 ὅταν
511 1328 623 1411 ἄρξηται
641 1334 769 1388 κινεῖσθαι
785 1333 830 1388 καί
847 1330 908 1411 ἐρᾶν
927 1336 975 1388 τοῦ
992 1330 1146 1389 αὐτοκάλου
1159 1333 1204 1388 καί
1217 1337 1274 1389 τῶν
1288 1355 1351 1404 νοη-

228 1433 284 1485 τῶν
303 1426 393 1486 εἰδῶν·
416 1429 448 1485 οΰ
469 1427 519 1508 γὰρ
538 1428 579 1486 δεῖ
598 1430 635 1494 είς
655 1430 739 1492 πάθος
759 1429 884 1506 κατάγειν
901 1429 948 1486 τδν
966 1428 1091 1508 ἡνίοχον.
1112 1464 1153 1480 -ι-
1170 1431 1205 1487 Τὸ
1220 1427 1277 1488 δέδ
1294 1430 1353 1504 μὲν

229 1526 397 1597 εὐπειθής·
419 1523 534 1601 εἴπομεν
547 1524 600 1598 ἤδη
618 1527 658 1583 ὅτι
674 1527 734 1606 περὶ
749 1525 893 1602 ἀμείνονος
908 1527 1098 1590 καταστάσεως
1113 1528 1158 1583 καὶ
1172 1525 1272 1606 έρωτος
1290 1527 1353 1604 βοέ-

228 1624 308 1682 λεται
329 1621 520 1704 διαλεχθῆναι.
544 1625 687 1696 Εὐπειθῆ
706 1623 734 1681 δέ
756 1625 828 1702 λέγει
846 1624 892 1680 τὸν
911 1624 1013 1698 Ξυμόν·
1034 1625 1113 1690 οὗτος
1131 1623 1182 1706 γδιρ
1197 1623 1290 1682 έπεται
1309 1624 1352 1682 ἐπὶ

166 1739 196 1791 10
227 1725 277 1794 τὴν
290 1721 347 1779 ἄνω
361 1723 429 1780 θέαν
447 1723 598 1802 πρόθυμος,
616 1725 630 1779 6
646 1721 675 1780 δέ
687 1721 778 1802 ἕτερος
795 1721 898 1797 μᾶλλον
916 1721 1045 1800 βούλεται
1058 1721 1201 1781 καθέλκειν
1218 1723 1293 1780 κάτω
1306 1723 1352 1780 καίΙ

227 1827 434 1900 γενεσιουργεῖν.
447 1854 486 1866 -
499 1823 534 1878 Τὸ
549 1819 577 1878 δέ
593 1824 636 1896 μη
653 1819 813 1892 ἐπιπηδᾶν
827 1827 868 1899 τῷ
885 1821 1053 1901 ἐρωμένῳ,
1070 1821 1190 1878 τουτέστι
1204 1824 1242 1896 μή
1255 1843 1353 1902 προσο·

230 1917 344 1994 μιλῆσαι
356 1923 391 1994 τῇ
406 1919 518 1997 γενέσει,
535 1919 603 1975 κατὰ
619 1918 646 1976 δέ
663 1920 693 1976 τὸ
708 1919 871 1999 φαινόμενον
890 1919 929 1994 μή
946 1919 984 1984 είς
1002 1917 1102 1997 λόγους
1118 1917 1207 1977 ἐλθεῖν
1226 1925 1266 1993 τῷ
1287 1919 1353 1998 έρω-

231 2015 317 2092 μένῳ.

270 2165 321 2232 νς’.
347 2164 381 2224 Ὃ
402 2163 435 2222 δέ
457 2165 533 2224 οὕτε
553 2167 706 2248 κέντρων]
729 2167 788 2226 254
810 2167 847 2226 Α.

168 2331 197 2380 15
271 2305 299 2362 ‘0
314 2303 343 2363 δέ
355 2303 444 2385 ἕτερος
458 2308 472 2362 6
487 2307 574 2385 ῥέπων
587 2307 630 2364 ἐπὶ
643 2311 694 2379 την
709 2309 810 2387 γένεσιν
827 2307 1008 2388 ἀναγκάζει
1027 2308 1208 2388 προσομιλεῖν
1222 2313 1279 2372 τοῖς
1293 2329 1355 2364 παι-

218 2403 315 2468 δικοῖς
329 2406 376 2462 καὶ
392 2405 600 2485 προσάπτεσθαι,
616 2407 662 2463 ἅτε
682 2403 714 2478 δὴ
735 2406 852 2478 ἀνήκοος
873 2405 911 2463 ὢν
930 2411 978 2463 τοῦ
998 2404 1094 2484 λόγου.
1109 2407 1144 2463 Τὸ
1164 2407 1216 2486 γὰρ
1236 2412 1353 2480 μνεῖαν

229 2506 482 2576 <ποιεῖσθαι>
500 2512 550 2576 τῆς
571 2509 631 2560 τῶν
652 2501 856 2585 ἀφροδισίων
874 2505 1106 2585 <χάριτος>,
1127 2509 1206 2562 τοῦτο
1228 2499 1284 2561 ἐστι
1305 2511 1354 2575 τῆς

229 2607 422 2681 γενεσιουργοῡ
438 2601 579 2676 ἐπιθυμίας
595 2603 635 2668 είς
650 2603 800 2678 ἀνάμνησιν
816 2600 885 2682 ἄγει.

270 2756 320 2825 νζ’.
343 2757 391 2814 Τὼ
412 2755 445 2814 δέ
465 2757 536 2814 κατ’
558 2757 658 2839 ἀρχὰς
682 2759 749 2836 μέν]
773 2758 832 2818 254
854 2759 891 2818 Λ.

168 2927 197 2977 20
270 2901 408 2959 Τουτέστιν
423 2903 437 2957 6
451 2901 565 2982 ἡνίοχος
580 2904 624 2958 καὶ
639 2904 653 2959 ὁ
667 2901 751 2968 ’ίππος
767 2903 781 2959 6
797 2901 825 2959 έν
838 2907 872 2978 τῇ
888 2901 1012 2978 ἀμείνονι
1024 2902 1124 2961 στάσει.
1139 2935 1178 2946 -
1189 2901 1223 2958 Τδ
1236 2899 1264 2958 δέ
1277 2899 1354 2957 θ’ταν

231 2997 333 3076 μηδέν
348 2999 367 3076 ᾖ
382 3001 483 3078 πέρας
498 3007 613 3057 κακοῦ·
631 3001 764 3058 τουτέστιν
783 3001 847 3056 δ’ταν
862 3001 959 3074 μηκέτι
973 2999 1106 3058 δύνωνται
1120 3001 1260 3066 ἀντειπεῖν,
1281 2996 1354 3055 ἀλλὰ

231 3099 288 3154 οἷον
303 3097 430 3174 βιάσηται
447 3099 461 3154 6
475 3106 525 3170 τῆς
541 3097 684 3173 ἐπιθυμίας
696 3097 792 3168 ίππος,
807 3094 932 3178 ἔρχονται
947 3100 997 3174 μέν
1011 3096 1128 3170 πλησίον
1142 3105 1189 3154 τοῦ
1203 3096 1352 3175 ἐρωμένου,

229 3197 274 3253 καί
296 3195 326 3252 ἐκ
346 3196 443 3253 τούτου
463 3196 612 3270 ἀνάμνησις
628 3195 729 3273 γίνεται
748 3196 841 3261 αὐτοῖς
859 3204 908 3253 τοῦ
929 3203 1029 3267 νοητοῦ
1051 3194 1183 3268 κέλλους,
1206 3196 1251 3251 καὶ
1274 3195 1355 3253 πάλιν

231 3293 385 3375 ἀφίστανται
398 3303 448 3366 τῆς
463 3295 530 3374 πρὸς
545 3296 592 3350 τὸν
607 3293 742 3374 ἐρώμενον
758 3296 905 3360 συνουσίας.

171 3461 199 3511 25
272 3443 327 3516 ιη’.
351 3443 382 3500 Ἡ
404 3447 516 3519 μνημη
536 3443 616 3524 πρὸς
637 3447 696 3515 τήν
716 3451 775 3500 τοῦ
799 3440 954 3522 κάλλους]
978 3442 1037 3501 254
1059 3443 1096 3501 Β.

235 3589 237 3592 ’
274 3586 331 3643 ΙΈτι
347 3587 397 3667 γὰρ
413 3587 463 3657 τήν
479 3589 593 3661 μνήμην
607 3580 681 3666 έχων
695 3589 748 3640 τῶν
764 3583 819 3640 ἐκεῖ
833 3583 974 3663 ἀφίσταται
987 3581 1076 3655 πάσης
1091 3590 1142 3654 τῆς
1157 3581 1298 3660 γενέσεως.
1316 3615 1354 3624 -

232 3685 493 3766 ’Δστράπτουσαν
511 3681 539 3740 δέ
559 3683 616 3740 ἀντὶ
635 3689 683 3740 τοῦ
700 3679 822 3757 ίνδαλμα
842 3683 971 3761 φέρουσαν
987 3687 1036 3738 τοῦ
1049 3686 1151 3752 Ινοητοῦ
1166 3678 1296 3744 κάλλους,
1315 3713 1353 3724 -

261 3922 278 3974 8
293 3925 396 3987 εἴπομεν
411 3920 467 3982 196,
482 3921 511 3971 11

262 4048 323 4099 TIT
339 4048 355 4098 9
371 4048 471 4112 εὐπειθῆ
485 4049 551 4114 λέγει
564 4048 607 4098 τὀν
622 4049 699 4110 θυμόν
715 4045 735 4096 C

263 4179 311 4230 NC
330 4181 346 4231 2
363 4179 496 4244 ἀναγωγίαν
513 4181 537 4228 Α
555 4192 562 4228 :
581 4176 716 4242 ἀναγωγὴν
732 4177 760 4227 Μ
825 4177 839 4225 3
858 4179 973 4241 αἴσθησιν
988 4192 994 4227 :
1013 4177 1122 4242 legebat
1139 4177 1224 4241 igitur
1237 4180 1265 4226 et
1282 4175 1353 4225 Her·

232 4251 300 4301 mins
313 4249 427 4314 αίσθήσει
490 4251 505 4299 5
520 4252 703 4316 γαργαλισμοῦ,
721 4267 768 4316 γαρ
783 4248 857 4298 rubr.
872 4252 896 4299 Α
959 4247 974 4297 6
990 4248 1132 4300 αὑτοκαλοῖι
1149 4248 1209 4297 libri
1225 4263 1231 4299 ε
1249 4246 1354 4305 01177,

231 4321 261 4374 21
323 4321 339 4371 7
356 4323 393 4373 δεῖ
407 4319 451 4385 εἰς]
467 4325 517 4371 πᾶν
531 4333 548 4369 ιι
563 4319 621 4379 [sod
635 4319 749 4383 pristina
764 4319 899 4383 scriptura
915 4319 1076 4370 etiamnunc
1094 4319 1247 4384 perspicua)
1312 4319 1354 4368 τὸν

232 4397 335 4461 ἡνίοχον
358 4405 440 4442 evan.
464 4391 493 4441 in
517 4394 542 4441 Α
604 4389 621 4441 8
641 4389 702 4441 tort.
725 4393 827 4454 εἴπομεν
849 4391 886 4442 ὅτι
910 4389 958 4455 ἤδη
1023 4391 1053 4440 10
1073 4390 1134 4442 fort.
1159 4387 1293 4458 προθύμως

234 4469 346 4529 μᾶλονα
407 4463 438 4514 11
459 4462 560 4514 6rubr.
577 4465 602 4512 Α
665 4461 697 4512 16
712 4465 833 4526 μνείανΑ
898 4462 928 4512 17
944 4466 1069 4513 ποιεῖσθαι
1084 4467 1111 4513 θθ
1126 4460 1227 4530 χάριτος
1238 4473 1293 4512 om.
1309 4464 1354 4510 A:

231 4533 646 4597 οοᾱ.Μ(νοίΑετ)σΡ1υιοοο
710 4531 740 4582 19
756 4533 790 4584 τὼ
806 4532 1292 4600 rubr.A:16M:zq·›Plat.ood.B

232 4607 361 4674 καταρχὰς
377 4609 401 4656 Α
465 4603 495 4654 21
513 4602 646 4668 ἀντειπεῖν]
661 4605 770 4656 ἀνειπεῖν
788 4605 838 4654 M:
855 4606 994 4656 ἀντιτυπεῖν
1010 4607 1069 4653 Αετ
1131 4603 1204 4654 21-22
1221 4603 1286 4654 ἀλλὰ
1300 4606 1355 4654 θια-

233 4677 349 4741 θιίισηται
367 4679 405 4726 A*
466 4675 498 4726 25
520 4675 631 4738 firubr.
650 4678 675 4724 A
738 4673 856 4740 κάλλους]
872 4679 980 4728 καθόλου
997 4675 1050 4725 ΕΜ
1114 4675 1144 4724 27
1162 4673 1354 4742 ἀστρέπτουσαν

234 4775 263 4786 -
277 4750 386 4807 κάλλους
401 4747 452 4798 hoo
468 4745 604 4797 scholium
619 4752 679 4809 post
694 4750 830 4804 συνουσίας
846 4747 894 4810 (24)
910 4747 1021 4796 videtur
1035 4745 1230 4810 reportandum
