<?xml version="1.0" encoding="UTF-8"?>
<!DOCTYPE html PUBLIC "-//W3C//DTD XHTML 1.0 Transitional//EN"
    "http://www.w3.org/TR/xhtml1/DTD/xhtml1-transitional.dtd">
<html xmlns="http://www.w3.org/1999/xhtml" xml:lang="en" lang="en">
 <head>
  <title>
</title>
<meta http-equiv="Content-Type" content="text/html;charset=utf-8" />
  <meta name='ocr-system' content='tesseract 3.04.00' />
  <meta name='ocr-capabilities' content='ocr_page ocr_carea ocr_par ocr_line ocrx_word'/>
</head>
<body>
  <div class='ocr_page' id='page_1' title='image "./hermiaealexandr00couvgoog_0343.png"; bbox 0 0 3604 5690; ppageno 0'>
   <div class='ocr_carea' id='block_1_1' title="bbox 479 573 1217 640">
    <p class='ocr_par' dir='ltr' id='par_1_1' title="bbox 479 573 1217 640">
     <span class='ocr_line' id='line_1_1' title="bbox 479 573 1217 640; baseline 0.005 -12"><span class='ocrx_word' id='word_1_1' title='bbox 479 589 527 640; x_wconf 78' lang='lat'>258</span> <span class='ocrx_word' id='word_1_2' title='bbox 859 573 1000 630; x_wconf 69' lang='lat' dir='ltr'><strong>mmor</strong></span> <span class='ocrx_word' id='word_1_3' title='bbox 1019 576 1217 632; x_wconf 73' lang='grc' dir='ltr'>ΦΙΛΟΣΟΦΟΥ</span> 
     </span>
    </p>
   </div>
   <div class='ocr_carea' id='block_1_2' title="bbox 380 734 1245 818">
    <p class='ocr_par' dir='ltr' id='par_1_2' title="bbox 380 734 1245 818">
     <span class='ocr_line' id='line_1_2' title="bbox 380 734 1245 818; baseline 0.006 -26"><span class='ocrx_word' id='word_1_4' title='bbox 380 745 460 810; x_wconf 79' lang='lat' dir='ltr'>p.201</span> <span class='ocrx_word' id='word_1_5' title='bbox 517 737 588 796; x_wconf 85' lang='grc' dir='ltr'>σοα’.</span> <span class='ocrx_word' id='word_1_6' title='bbox 611 735 734 793; x_wconf 81' lang='grc' dir='ltr'>Οὐκοῦν</span> <span class='ocrx_word' id='word_1_7' title='bbox 754 736 769 791; x_wconf 90' lang='grc' dir='ltr'>δ</span> <span class='ocrx_word' id='word_1_8' title='bbox 789 734 912 818; x_wconf 89' lang='grc' dir='ltr'>τέχνην</span> <span class='ocrx_word' id='word_1_9' title='bbox 934 734 1105 816; x_wconf 75' lang='grc' dir='ltr'>οἰόμενος]</span> <span class='ocrx_word' id='word_1_10' title='bbox 1128 737 1186 796; x_wconf 78' lang='grc'>275</span> <span class='ocrx_word' id='word_1_11' title='bbox 1209 735 1245 797; x_wconf 85' lang='lat' dir='ltr'>C.</span> 
     </span>
    </p>
   </div>
   <div class='ocr_carea' id='block_1_3' title="bbox 367 875 1596 2236">
    <p class='ocr_par' dir='ltr' id='par_1_3' title="bbox 474 875 1596 1157">
     <span class='ocr_line' id='line_1_3' title="bbox 517 875 1596 961; baseline 0.002 -25"><span class='ocrx_word' id='word_1_12' title='bbox 517 877 632 958; x_wconf 76' lang='grc' dir='ltr'>Ὠσπερ,</span> <span class='ocrx_word' id='word_1_13' title='bbox 655 875 760 954; x_wconf 90' lang='grc' dir='ltr'>μέλλων</span> <span class='ocrx_word' id='word_1_14' title='bbox 781 877 819 944; x_wconf 90' lang='grc' dir='ltr'>είς</span> <span class='ocrx_word' id='word_1_15' title='bbox 835 879 886 950; x_wconf 78' lang='grc' dir='ltr'>τὴν</span> <span class='ocrx_word' id='word_1_16' title='bbox 905 879 973 935; x_wconf 85' lang='grc' dir='ltr'>κατά</span> <span class='ocrx_word' id='word_1_17' title='bbox 990 877 1072 958; x_wconf 88' lang='grc' dir='ltr'>λόγον</span> <span class='ocrx_word' id='word_1_18' title='bbox 1089 879 1190 961; x_wconf 87' lang='grc' dir='ltr'>τέχνην</span> <span class='ocrx_word' id='word_1_19' title='bbox 1207 879 1352 958; x_wconf 71' lang='grc' dir='ltr'>γινομένην</span> <span class='ocrx_word' id='word_1_20' title='bbox 1372 877 1539 954; x_wconf 78' lang='grc' dir='ltr'>εἷσθάλλειν,</span> <span class='ocrx_word' id='word_1_21' title='bbox 1556 883 1596 947; x_wconf 87' lang='grc' dir='ltr'>είς</span> 
     </span>
     <span class='ocr_line' id='line_1_4' title="bbox 476 974 1596 1060; baseline -0.001 -23"><span class='ocrx_word' id='word_1_22' title='bbox 476 977 561 1042; x_wconf 61' lang='grc' dir='ltr'>θεοὺς</span> <span class='ocrx_word' id='word_1_23' title='bbox 580 977 701 1056; x_wconf 77' lang='grc' dir='ltr'>ἀνήγαγε</span> <span class='ocrx_word' id='word_1_24' title='bbox 718 977 749 1035; x_wconf 90' lang='grc' dir='ltr'>τδ</span> <span class='ocrx_word' id='word_1_25' title='bbox 767 974 921 1056; x_wconf 81' lang='grc' dir='ltr'>πρόόλημα</span> <span class='ocrx_word' id='word_1_26' title='bbox 938 977 983 1035; x_wconf 83' lang='grc' dir='ltr'>καὶ</span> <span class='ocrx_word' id='word_1_27' title='bbox 1001 977 1048 1043; x_wconf 92' lang='grc' dir='ltr'>τάς</span> <span class='ocrx_word' id='word_1_28' title='bbox 1064 977 1185 1051; x_wconf 82' lang='grc' dir='ltr'>Μούσας,</span> <span class='ocrx_word' id='word_1_29' title='bbox 1202 975 1241 1059; x_wconf 85' lang='grc' dir='ltr'>[δ]</span> <span class='ocrx_word' id='word_1_30' title='bbox 1256 979 1302 1036; x_wconf 82' lang='grc' dir='ltr'>καί</span> <span class='ocrx_word' id='word_1_31' title='bbox 1316 979 1347 1036; x_wconf 87' lang='grc' dir='ltr'>τό</span> <span class='ocrx_word' id='word_1_32' title='bbox 1361 980 1421 1060; x_wconf 80' lang='grc' dir='ltr'>περὶ</span> <span class='ocrx_word' id='word_1_33' title='bbox 1436 979 1596 1060; x_wconf 77' lang='grc' dir='ltr'>εὐπρεπείας</span> 
     </span>
     <span class='ocr_line' id='line_1_5' title="bbox 474 1073 1595 1157; baseline 0.003 -25"><span class='ocrx_word' id='word_1_34' title='bbox 474 1078 520 1133; x_wconf 84' lang='grc' dir='ltr'>καὶ</span> <span class='ocrx_word' id='word_1_35' title='bbox 534 1076 681 1156; x_wconf 75' lang='grc' dir='ltr'>ἀπρεπείας</span> <span class='ocrx_word' id='word_1_36' title='bbox 694 1083 800 1156; x_wconf 82' lang='grc' dir='ltr'>γραφῆς</span> <span class='ocrx_word' id='word_1_37' title='bbox 813 1076 851 1138; x_wconf 86' lang='grc' dir='ltr'>εἷς</span> <span class='ocrx_word' id='word_1_38' title='bbox 865 1075 946 1140; x_wconf 65' lang='grc' dir='ltr'>θεοὺς</span> <span class='ocrx_word' id='word_1_39' title='bbox 962 1073 1064 1155; x_wconf 79' lang='grc' dir='ltr'>Ἑρμῆν</span> <span class='ocrx_word' id='word_1_40' title='bbox 1078 1076 1124 1132; x_wconf 85' lang='grc' dir='ltr'>καί</span> <span class='ocrx_word' id='word_1_41' title='bbox 1135 1075 1280 1151; x_wconf 73' lang='grc' dir='ltr'>Ἄμμωνα,</span> <span class='ocrx_word' id='word_1_42' title='bbox 1297 1077 1455 1157; x_wconf 85' lang='grc' dir='ltr'>εὐπρέπειαν</span> <span class='ocrx_word' id='word_1_43' title='bbox 1469 1084 1516 1135; x_wconf 85' lang='grc' dir='ltr'>τού</span> <span class='ocrx_word' id='word_1_44' title='bbox 1532 1100 1595 1156; x_wconf 90' lang='grc' dir='ltr'>συγ-</span> 
     </span>
    </p>

    <p class='ocr_par' dir='ltr' id='par_1_4' title="bbox 428 1173 1596 1648">
     <span class='ocr_line' id='line_1_6' title="bbox 428 1173 1596 1256; baseline -0.002 -22"><span class='ocrx_word' id='word_1_45' title='bbox 428 1185 443 1234; x_wconf 89' lang='grc'>5</span> <span class='ocrx_word' id='word_1_46' title='bbox 473 1177 584 1256; x_wconf 91' lang='grc' dir='ltr'>γράφειν</span> <span class='ocrx_word' id='word_1_47' title='bbox 600 1174 687 1252; x_wconf 85' lang='grc' dir='ltr'>λέγων</span> <span class='ocrx_word' id='word_1_48' title='bbox 702 1173 843 1248; x_wconf 81' lang='grc' dir='ltr'>συντόμως</span> <span class='ocrx_word' id='word_1_49' title='bbox 858 1174 943 1232; x_wconf 87' lang='grc' dir='ltr'>είπεῖν</span> <span class='ocrx_word' id='word_1_50' title='bbox 957 1174 988 1230; x_wconf 87' lang='grc' dir='ltr'>τό</span> <span class='ocrx_word' id='word_1_51' title='bbox 1003 1179 1082 1238; x_wconf 69' lang='grc' dir='ltr'>Ξεοῖς</span> <span class='ocrx_word' id='word_1_52' title='bbox 1095 1173 1277 1255; x_wconf 77' lang='grc' dir='ltr'>κεχαρισμένα</span> <span class='ocrx_word' id='word_1_53' title='bbox 1291 1173 1381 1254; x_wconf 87' lang='grc' dir='ltr'>λέγειν</span> <span class='ocrx_word' id='word_1_54' title='bbox 1395 1176 1426 1233; x_wconf 85' lang='grc' dir='ltr'>τό</span> <span class='ocrx_word' id='word_1_55' title='bbox 1441 1175 1537 1248; x_wconf 78' lang='grc' dir='ltr'>ἀληθές</span> <span class='ocrx_word' id='word_1_56' title='bbox 1550 1177 1596 1232; x_wconf 85' lang='grc' dir='ltr'>καὶ</span> 
     </span>
     <span class='ocr_line' id='line_1_7' title="bbox 474 1268 1595 1354; baseline 0 -24"><span class='ocrx_word' id='word_1_57' title='bbox 474 1273 505 1330; x_wconf 87' lang='grc' dir='ltr'>τό</span> <span class='ocrx_word' id='word_1_58' title='bbox 519 1272 606 1331; x_wconf 78' lang='grc' dir='ltr'>καλὸν</span> <span class='ocrx_word' id='word_1_59' title='bbox 621 1272 833 1354; x_wconf 82' lang='grc' dir='ltr'>ἀφοριζομένους</span> <span class='ocrx_word' id='word_1_60' title='bbox 847 1268 890 1328; x_wconf 74' lang='grc' dir='ltr'>ἐπ’</span> <span class='ocrx_word' id='word_1_61' title='bbox 905 1271 1027 1352; x_wconf 72' lang='grc' dir='ltr'>ὠφελείᾳ</span> <span class='ocrx_word' id='word_1_62' title='bbox 1039 1275 1095 1328; x_wconf 80' lang='grc' dir='ltr'>τῖον</span> <span class='ocrx_word' id='word_1_63' title='bbox 1109 1270 1251 1349; x_wconf 86' lang='grc' dir='ltr'>λεγόντων,</span> <span class='ocrx_word' id='word_1_64' title='bbox 1268 1272 1415 1352; x_wconf 83' lang='grc' dir='ltr'>ἀπρέπειαν</span> <span class='ocrx_word' id='word_1_65' title='bbox 1428 1272 1457 1330; x_wconf 78' lang='grc' dir='ltr'>δέ</span> <span class='ocrx_word' id='word_1_66' title='bbox 1470 1275 1501 1330; x_wconf 86' lang='grc' dir='ltr'>τὸ</span> <span class='ocrx_word' id='word_1_67' title='bbox 1513 1269 1595 1346; x_wconf 78' lang='grc' dir='ltr'>δόξης</span> 
     </span>
     <span class='ocr_line' id='line_1_8' title="bbox 473 1369 1596 1452; baseline 0.002 -25"><span class='ocrx_word' id='word_1_68' title='bbox 473 1371 519 1429; x_wconf 82' lang='grc' dir='ltr'>καὶ</span> <span class='ocrx_word' id='word_1_69' title='bbox 543 1369 703 1452; x_wconf 84' lang='grc' dir='ltr'>φιλοτιμίας</span> <span class='ocrx_word' id='word_1_70' title='bbox 727 1369 900 1450; x_wconf 76' lang='grc' dir='ltr'>ἀνθρωπίνης</span> <span class='ocrx_word' id='word_1_71' title='bbox 923 1369 1171 1446; x_wconf 72' lang='grc' dir='ltr'>ἀντιποιουμένους,</span> <span class='ocrx_word' id='word_1_72' title='bbox 1194 1371 1240 1427; x_wconf 88' lang='grc' dir='ltr'>τόν</span> <span class='ocrx_word' id='word_1_73' title='bbox 1261 1371 1340 1428; x_wconf 86' lang='grc' dir='ltr'>αὐτὸν</span> <span class='ocrx_word' id='word_1_74' title='bbox 1363 1372 1463 1452; x_wconf 80' lang='grc' dir='ltr'>τρόπον</span> <span class='ocrx_word' id='word_1_75' title='bbox 1485 1373 1530 1429; x_wconf 89' lang='grc' dir='ltr'>καὶ</span> <span class='ocrx_word' id='word_1_76' title='bbox 1551 1379 1596 1430; x_wconf 77' lang='grc' dir='ltr'>νῦν</span> 
     </span>
     <span class='ocr_line' id='line_1_9' title="bbox 474 1466 1595 1550; baseline 0 -24"><span class='ocrx_word' id='word_1_77' title='bbox 474 1477 555 1528; x_wconf 78' lang='grc' dir='ltr'>τοῦτο</span> <span class='ocrx_word' id='word_1_78' title='bbox 573 1475 656 1528; x_wconf 88' lang='grc' dir='ltr'>ποιεῖ.</span> <span class='ocrx_word' id='word_1_79' title='bbox 678 1468 782 1528; x_wconf 83' lang='grc' dir='ltr'>Είδέναι</span> <span class='ocrx_word' id='word_1_80' title='bbox 802 1467 830 1525; x_wconf 79' lang='grc' dir='ltr'>δέ</span> <span class='ocrx_word' id='word_1_81' title='bbox 848 1466 889 1526; x_wconf 91' lang='grc' dir='ltr'>δεῖ</span> <span class='ocrx_word' id='word_1_82' title='bbox 908 1468 950 1525; x_wconf 87' lang='grc' dir='ltr'>δτι</span> <span class='ocrx_word' id='word_1_83' title='bbox 968 1467 1018 1526; x_wconf 91' lang='grc' dir='ltr'>οὐκ</span> <span class='ocrx_word' id='word_1_84' title='bbox 1032 1467 1135 1548; x_wconf 86' lang='grc' dir='ltr'>άναιρεῖ</span> <span class='ocrx_word' id='word_1_85' title='bbox 1147 1469 1178 1525; x_wconf 89' lang='grc' dir='ltr'>τὸ</span> <span class='ocrx_word' id='word_1_86' title='bbox 1193 1469 1304 1550; x_wconf 82' lang='grc' dir='ltr'>γράφειν</span> <span class='ocrx_word' id='word_1_87' title='bbox 1319 1471 1333 1527; x_wconf 87' lang='grc' dir='ltr'>ό</span> <span class='ocrx_word' id='word_1_88' title='bbox 1348 1469 1474 1527; x_wconf 83' lang='grc' dir='ltr'>Πλάτων·</span> <span class='ocrx_word' id='word_1_89' title='bbox 1492 1469 1595 1528; x_wconf 84' lang='grc' dir='ltr'>πολλοὶ</span> 
     </span>
     <span class='ocr_line' id='line_1_10' title="bbox 473 1564 1593 1648; baseline 0.001 -24"><span class='ocrx_word' id='word_1_90' title='bbox 473 1569 524 1648; x_wconf 90' lang='grc' dir='ltr'>γάρ</span> <span class='ocrx_word' id='word_1_91' title='bbox 546 1573 600 1625; x_wconf 81' lang='grc' dir='ltr'>τῶν</span> <span class='ocrx_word' id='word_1_92' title='bbox 619 1566 744 1626; x_wconf 82' lang='grc' dir='ltr'>παλαιῶν</span> <span class='ocrx_word' id='word_1_93' title='bbox 762 1567 808 1622; x_wconf 90' lang='grc' dir='ltr'>καί</span> <span class='ocrx_word' id='word_1_94' title='bbox 827 1564 1053 1641; x_wconf 77' lang='grc' dir='ltr'>εὐδοκιμωτάτων</span> <span class='ocrx_word' id='word_1_95' title='bbox 1072 1567 1252 1646; x_wconf 89' lang='grc' dir='ltr'>συνέγραψαν,</span> <span class='ocrx_word' id='word_1_96' title='bbox 1273 1567 1311 1631; x_wconf 82' lang='grc' dir='ltr'>ὡς</span> <span class='ocrx_word' id='word_1_97' title='bbox 1334 1565 1457 1648; x_wconf 82' lang='grc' dir='ltr'>Ὀρρεύς,</span> <span class='ocrx_word' id='word_1_98' title='bbox 1479 1566 1593 1646; x_wconf 82' lang='grc' dir='ltr'>Ἑρμῆς·</span> 
     </span>
    </p>

    <p class='ocr_par' dir='ltr' id='par_1_5' title="bbox 411 1663 1595 1842">
     <span class='ocr_line' id='line_1_11' title="bbox 411 1663 1595 1746; baseline -0.004 -20"><span class='ocrx_word' id='word_1_99' title='bbox 411 1675 442 1726; x_wconf 87' lang='grc'>10</span> <span class='ocrx_word' id='word_1_100' title='bbox 474 1665 628 1745; x_wconf 80' lang='grc' dir='ltr'>Πυθαγόρας</span> <span class='ocrx_word' id='word_1_101' title='bbox 646 1664 674 1722; x_wconf 75' lang='grc' dir='ltr'>δέ</span> <span class='ocrx_word' id='word_1_102' title='bbox 692 1665 736 1722; x_wconf 79' lang='grc' dir='ltr'>καὶ</span> <span class='ocrx_word' id='word_1_103' title='bbox 756 1664 901 1744; x_wconf 80' lang='grc' dir='ltr'>Σωκράτης</span> <span class='ocrx_word' id='word_1_104' title='bbox 921 1663 952 1721; x_wconf 92' lang='grc' dir='ltr'>οὐ</span> <span class='ocrx_word' id='word_1_105' title='bbox 971 1664 1149 1744; x_wconf 78' lang='grc' dir='ltr'>συνέγραψαν,</span> <span class='ocrx_word' id='word_1_106' title='bbox 1168 1664 1309 1730; x_wconf 78' lang='grc' dir='ltr'>Τοιούτους</span> <span class='ocrx_word' id='word_1_107' title='bbox 1326 1663 1372 1722; x_wconf 84' lang='grc' dir='ltr'>οὐν</span> <span class='ocrx_word' id='word_1_108' title='bbox 1387 1665 1466 1745; x_wconf 81' lang='grc' dir='ltr'>ὅρους</span> <span class='ocrx_word' id='word_1_109' title='bbox 1484 1664 1595 1746; x_wconf 85' lang='grc' dir='ltr'>παραδί-</span> 
     </span>
     <span class='ocr_line' id='line_1_12' title="bbox 473 1758 1594 1842; baseline -0.002 -22"><span class='ocrx_word' id='word_1_110' title='bbox 473 1761 582 1820; x_wconf 87' lang='grc' dir='ltr'>δωσινδ</span> <span class='ocrx_word' id='word_1_111' title='bbox 598 1763 743 1841; x_wconf 80' lang='grc' dir='ltr'>Σωκράτης</span> <span class='ocrx_word' id='word_1_112' title='bbox 758 1768 807 1818; x_wconf 79' lang='grc' dir='ltr'>τοῦ</span> <span class='ocrx_word' id='word_1_113' title='bbox 822 1760 983 1841; x_wconf 86' lang='grc' dir='ltr'>συγγράφειν</span> <span class='ocrx_word' id='word_1_114' title='bbox 996 1759 1121 1832; x_wconf 79' lang='grc' dir='ltr'>ἐνταῦθα,</span> <span class='ocrx_word' id='word_1_115' title='bbox 1134 1762 1165 1817; x_wconf 87' lang='grc' dir='ltr'>τό</span> <span class='ocrx_word' id='word_1_116' title='bbox 1183 1760 1335 1836; x_wconf 73' lang='grc' dir='ltr'>ἐπιστήμην</span> <span class='ocrx_word' id='word_1_117' title='bbox 1349 1758 1424 1842; x_wconf 84' lang='grc' dir='ltr'>ἔχειν</span> <span class='ocrx_word' id='word_1_118' title='bbox 1438 1767 1494 1819; x_wconf 79' lang='grc' dir='ltr'>τῶν</span> <span class='ocrx_word' id='word_1_119' title='bbox 1508 1784 1594 1842; x_wconf 89' lang='grc' dir='ltr'>πραγ-</span> 
     </span>
    </p>

    <p class='ocr_par' dir='ltr' id='par_1_6' title="bbox 367 1857 1594 2135">
     <span class='ocr_line' id='line_1_13' title="bbox 367 1857 1594 1940; baseline 0.002 -26"><span class='ocrx_word' id='word_1_120' title='bbox 367 1863 458 1915; x_wconf 82' lang='grc' dir='ltr'>ί·ΟΟι·</span> <span class='ocrx_word' id='word_1_121' title='bbox 474 1862 567 1936; x_wconf 86' lang='grc' dir='ltr'>μάτων</span> <span class='ocrx_word' id='word_1_122' title='bbox 587 1861 632 1918; x_wconf 83' lang='grc' dir='ltr'>καί</span> <span class='ocrx_word' id='word_1_123' title='bbox 652 1861 683 1917; x_wconf 87' lang='grc' dir='ltr'>τὸ</span> <span class='ocrx_word' id='word_1_124' title='bbox 705 1859 805 1932; x_wconf 78' lang='grc' dir='ltr'>ἀληθές</span> <span class='ocrx_word' id='word_1_125' title='bbox 827 1857 932 1925; x_wconf 88' lang='grc' dir='ltr'>είδότας</span> <span class='ocrx_word' id='word_1_126' title='bbox 952 1858 994 1916; x_wconf 83' lang='grc' dir='ltr'>ἐπὶ</span> <span class='ocrx_word' id='word_1_127' title='bbox 1013 1859 1164 1934; x_wconf 74' lang='grc' dir='ltr'>ὑπομνήσει</span> <span class='ocrx_word' id='word_1_128' title='bbox 1184 1867 1234 1931; x_wconf 86' lang='grc' dir='ltr'>τῆς</span> <span class='ocrx_word' id='word_1_129' title='bbox 1254 1860 1290 1925; x_wconf 89' lang='grc' dir='ltr'>είς</span> <span class='ocrx_word' id='word_1_130' title='bbox 1306 1868 1393 1940; x_wconf 76' lang='grc' dir='ltr'>γῆρας</span> <span class='ocrx_word' id='word_1_131' title='bbox 1416 1859 1421 1940; x_wconf 85' lang='grc' dir='ltr'>Ι</span> <span class='ocrx_word' id='word_1_132' title='bbox 1444 1858 1532 1933; x_wconf 89' lang='grc' dir='ltr'>λήθης</span> <span class='ocrx_word' id='word_1_133' title='bbox 1549 1862 1594 1916; x_wconf 83' lang='grc' dir='ltr'>καὶ</span> 
     </span>
     <span class='ocr_line' id='line_1_14' title="bbox 471 1954 1592 2042; baseline -0.001 -26"><span class='ocrx_word' id='word_1_134' title='bbox 471 1959 604 2042; x_wconf 83' lang='grc' dir='ltr'>ὠφελείας</span> <span class='ocrx_word' id='word_1_135' title='bbox 626 1963 679 2016; x_wconf 81' lang='grc' dir='ltr'>τῶν</span> <span class='ocrx_word' id='word_1_136' title='bbox 704 1956 892 2034; x_wconf 85' lang='grc' dir='ltr'>μανθανόντων</span> <span class='ocrx_word' id='word_1_137' title='bbox 915 1958 953 2032; x_wconf 81' lang='grc' dir='ltr'>μή</span> <span class='ocrx_word' id='word_1_138' title='bbox 976 1954 1186 2026; x_wconf 81' lang='grc' dir='ltr'>σπουδάζοντας,</span> <span class='ocrx_word' id='word_1_139' title='bbox 1209 1954 1284 2014; x_wconf 82' lang='grc' dir='ltr'>ἀλλά</span> <span class='ocrx_word' id='word_1_140' title='bbox 1305 1955 1398 2030; x_wconf 79' lang='grc' dir='ltr'>παιδιᾷ</span> <span class='ocrx_word' id='word_1_141' title='bbox 1417 1958 1592 2039; x_wconf 82' lang='grc' dir='ltr'>χρωμένους,</span> 
     </span>
     <span class='ocr_line' id='line_1_15' title="bbox 469 2052 1593 2135; baseline -0.003 -20"><span class='ocrx_word' id='word_1_142' title='bbox 469 2059 532 2117; x_wconf 88' lang='grc' dir='ltr'>τότε</span> <span class='ocrx_word' id='word_1_143' title='bbox 550 2055 644 2122; x_wconf 84' lang='grc' dir='ltr'>καλῶς</span> <span class='ocrx_word' id='word_1_144' title='bbox 664 2057 708 2114; x_wconf 81' lang='grc' dir='ltr'>καὶ</span> <span class='ocrx_word' id='word_1_145' title='bbox 726 2055 866 2135; x_wconf 78' lang='grc' dir='ltr'>εὐπρεπῶς</span> <span class='ocrx_word' id='word_1_146' title='bbox 884 2054 1060 2135; x_wconf 87' lang='grc' dir='ltr'>συγγράφειν,</span> <span class='ocrx_word' id='word_1_147' title='bbox 1076 2055 1139 2118; x_wconf 88' lang='grc' dir='ltr'>τούς</span> <span class='ocrx_word' id='word_1_148' title='bbox 1156 2052 1185 2110; x_wconf 77' lang='grc' dir='ltr'>δέ</span> <span class='ocrx_word' id='word_1_149' title='bbox 1199 2054 1415 2131; x_wconf 73' lang='grc' dir='ltr'>ἀνεπιστήμονας</span> <span class='ocrx_word' id='word_1_150' title='bbox 1427 2057 1471 2112; x_wconf 81' lang='grc' dir='ltr'>καί</span> <span class='ocrx_word' id='word_1_151' title='bbox 1491 2057 1529 2120; x_wconf 83' lang='grc' dir='ltr'>ὡς</span> <span class='ocrx_word' id='word_1_152' title='bbox 1550 2056 1593 2112; x_wconf 86' lang='grc' dir='ltr'>έπὶ</span> 
     </span>
    </p>

    <p class='ocr_par' dir='ltr' id='par_1_7' title="bbox 409 2146 1593 2236">
     <span class='ocr_line' id='line_1_16' title="bbox 409 2146 1593 2236; baseline -0.003 -22"><span class='ocrx_word' id='word_1_153' title='bbox 409 2169 438 2218; x_wconf 78' lang='grc'>15</span> <span class='ocrx_word' id='word_1_154' title='bbox 472 2155 603 2236; x_wconf 83' lang='grc' dir='ltr'>μέγακαὶ</span> <span class='ocrx_word' id='word_1_155' title='bbox 621 2153 849 2234; x_wconf 77' lang='grc' dir='ltr'>περισπούδαστον</span> <span class='ocrx_word' id='word_1_156' title='bbox 867 2154 912 2210; x_wconf 83' lang='grc' dir='ltr'>καί</span> <span class='ocrx_word' id='word_1_157' title='bbox 931 2146 1013 2224; x_wconf 74' lang='grc' dir='ltr'>δόξης</span> <span class='ocrx_word' id='word_1_158' title='bbox 1031 2152 1111 2234; x_wconf 86' lang='grc' dir='ltr'>χάριν</span> <span class='ocrx_word' id='word_1_159' title='bbox 1131 2151 1297 2234; x_wconf 76' lang='grc' dir='ltr'>ἐρχομένους</span> <span class='ocrx_word' id='word_1_160' title='bbox 1314 2154 1351 2218; x_wconf 86' lang='grc' dir='ltr'>είς</span> <span class='ocrx_word' id='word_1_161' title='bbox 1369 2159 1451 2212; x_wconf 82' lang='grc' dir='ltr'>τοῦτο</span> <span class='ocrx_word' id='word_1_162' title='bbox 1467 2155 1593 2233; x_wconf 82' lang='grc' dir='ltr'>ἀπρεπῶς</span> 
     </span>
    </p>
   </div>
   <div class='ocr_carea' id='block_1_4' title="bbox 471 2249 1686 2336">
    <p class='ocr_par' dir='ltr' id='par_1_8' title="bbox 471 2249 1686 2336">
     <span class='ocr_line' id='line_1_17' title="bbox 471 2249 1686 2336; baseline -0.012 -24"><span class='ocrx_word' id='word_1_163' title='bbox 471 2255 627 2336; x_wconf 86' lang='grc' dir='ltr'>συγγράφειν</span> <span class='ocrx_word' id='word_1_164' title='bbox 641 2254 716 2333; x_wconf 84' lang='grc' dir='ltr'>φησί,</span> <span class='ocrx_word' id='word_1_165' title='bbox 731 2251 844 2333; x_wconf 84' lang='grc' dir='ltr'>Φέρεται</span> <span class='ocrx_word' id='word_1_166' title='bbox 856 2249 885 2308; x_wconf 75' lang='grc' dir='ltr'>δέ</span> <span class='ocrx_word' id='word_1_167' title='bbox 897 2252 1019 2309; x_wconf 80' lang='grc' dir='ltr'>τοιοῦτόν</span> <span class='ocrx_word' id='word_1_168' title='bbox 1032 2273 1058 2307; x_wconf 92' lang='grc' dir='ltr'>τι</span> <span class='ocrx_word' id='word_1_169' title='bbox 1072 2249 1199 2330; x_wconf 84' lang='grc' dir='ltr'>διήγημα</span> <span class='ocrx_word' id='word_1_170' title='bbox 1209 2251 1275 2330; x_wconf 89' lang='grc' dir='ltr'>πρός</span> <span class='ocrx_word' id='word_1_171' title='bbox 1288 2252 1318 2308; x_wconf 87' lang='grc' dir='ltr'>τό</span> <span class='ocrx_word' id='word_1_172' title='bbox 1332 2254 1370 2328; x_wconf 80' lang='grc' dir='ltr'>μη</span> <span class='ocrx_word' id='word_1_173' title='bbox 1386 2251 1441 2310; x_wconf 83' lang='grc' dir='ltr'>δεῖν</span> <span class='ocrx_word' id='word_1_174' title='bbox 1457 2253 1593 2332; x_wconf 73' lang='grc' dir='ltr'>συγγράμ.</span> <span class='ocrx_word' id='word_1_175' title='bbox 1676 2259 1686 2274; x_wconf 88' lang='grc'><strong><em>·</em></strong></span> 
     </span>
    </p>
   </div>
   <div class='ocr_carea' id='block_1_5' title="bbox 406 2349 1593 2724">
    <p class='ocr_par' dir='ltr' id='par_1_9' title="bbox 472 2349 1593 2430">
     <span class='ocr_line' id='line_1_18' title="bbox 472 2349 1593 2430; baseline -0.003 -19"><span class='ocrx_word' id='word_1_176' title='bbox 472 2375 552 2430; x_wconf 86' lang='grc' dir='ltr'>μασιν</span> <span class='ocrx_word' id='word_1_177' title='bbox 572 2353 742 2410; x_wconf 79' lang='grc' dir='ltr'>ἀποτίθεσθαι</span> <span class='ocrx_word' id='word_1_178' title='bbox 760 2352 794 2408; x_wconf 90' lang='grc' dir='ltr'>τά</span> <span class='ocrx_word' id='word_1_179' title='bbox 812 2353 948 2425; x_wconf 88' lang='grc' dir='ltr'>νοήματα,</span> <span class='ocrx_word' id='word_1_180' title='bbox 969 2349 1011 2406; x_wconf 86' lang='grc' dir='ltr'>δτι</span> <span class='ocrx_word' id='word_1_181' title='bbox 1031 2353 1156 2425; x_wconf 88' lang='grc' dir='ltr'>μαθητής</span> <span class='ocrx_word' id='word_1_182' title='bbox 1177 2372 1218 2414; x_wconf 88' lang='grc' dir='ltr'>τις</span> <span class='ocrx_word' id='word_1_183' title='bbox 1238 2355 1287 2408; x_wconf 87' lang='grc' dir='ltr'>τοιῖ</span> <span class='ocrx_word' id='word_1_184' title='bbox 1302 2349 1445 2416; x_wconf 91' lang='grc' dir='ltr'>Πλάτωνος</span> <span class='ocrx_word' id='word_1_185' title='bbox 1461 2351 1548 2408; x_wconf 86' lang='grc' dir='ltr'>πάντα</span> <span class='ocrx_word' id='word_1_186' title='bbox 1561 2353 1593 2408; x_wconf 89' lang='grc' dir='ltr'>τά</span> 
     </span>
    </p>

    <p class='ocr_par' dir='ltr' id='par_1_10' title="bbox 469 2447 1592 2531">
     <span class='ocr_line' id='line_1_19' title="bbox 469 2447 1592 2531; baseline -0.004 -23"><span class='ocrx_word' id='word_1_187' title='bbox 469 2449 603 2531; x_wconf 89' lang='grc' dir='ltr'>λεγόμενα</span> <span class='ocrx_word' id='word_1_188' title='bbox 623 2449 686 2530; x_wconf 82' lang='grc' dir='ltr'>παρ’</span> <span class='ocrx_word' id='word_1_189' title='bbox 704 2449 785 2506; x_wconf 81' lang='grc' dir='ltr'>αὐτοῦ</span> <span class='ocrx_word' id='word_1_190' title='bbox 806 2447 1034 2528; x_wconf 77' lang='grc' dir='ltr'>ἀπογραψάμενος</span> <span class='ocrx_word' id='word_1_191' title='bbox 1059 2447 1221 2518; x_wconf 89' lang='grc' dir='ltr'>ἀπέπλευσε,</span> <span class='ocrx_word' id='word_1_192' title='bbox 1246 2449 1291 2504; x_wconf 80' lang='grc' dir='ltr'>καὶ</span> <span class='ocrx_word' id='word_1_193' title='bbox 1311 2449 1421 2527; x_wconf 76' lang='grc' dir='ltr'>ναυαγίᾳ</span> <span class='ocrx_word' id='word_1_194' title='bbox 1442 2449 1592 2528; x_wconf 88' lang='grc' dir='ltr'>περιπεσὼν</span> 
     </span>
    </p>

    <p class='ocr_par' dir='ltr' id='par_1_11' title="bbox 406 2543 1592 2724">
     <span class='ocr_line' id='line_1_20' title="bbox 470 2543 1592 2626; baseline -0.004 -20"><span class='ocrx_word' id='word_1_195' title='bbox 470 2550 575 2608; x_wconf 75' lang='grc' dir='ltr'>ἅπαντα</span> <span class='ocrx_word' id='word_1_196' title='bbox 592 2548 720 2606; x_wconf 80' lang='grc' dir='ltr'>ἀπώλεσε</span> <span class='ocrx_word' id='word_1_197' title='bbox 738 2547 783 2602; x_wconf 80' lang='grc' dir='ltr'>καὶ</span> <span class='ocrx_word' id='word_1_198' title='bbox 802 2546 949 2624; x_wconf 85' lang='grc' dir='ltr'>ὑπέστρεψε</span> <span class='ocrx_word' id='word_1_199' title='bbox 967 2545 1034 2624; x_wconf 85' lang='grc' dir='ltr'>πρὸς</span> <span class='ocrx_word' id='word_1_200' title='bbox 1052 2544 1099 2602; x_wconf 86' lang='grc' dir='ltr'>τὸν</span> <span class='ocrx_word' id='word_1_201' title='bbox 1118 2543 1292 2614; x_wconf 87' lang='grc' dir='ltr'>διδάσκαλον,</span> <span class='ocrx_word' id='word_1_202' title='bbox 1315 2543 1383 2625; x_wconf 84' lang='grc' dir='ltr'>έργιρ</span> <span class='ocrx_word' id='word_1_203' title='bbox 1401 2549 1535 2626; x_wconf 78' lang='grc' dir='ltr'>πειραθεὶς</span> <span class='ocrx_word' id='word_1_204' title='bbox 1550 2547 1592 2603; x_wconf 83' lang='grc' dir='ltr'>ὅτι</span> 
     </span>
     <span class='ocr_line' id='line_1_21' title="bbox 406 2641 1402 2724; baseline -0.01 -16"><span class='ocrx_word' id='word_1_205' title='bbox 406 2655 438 2708; x_wconf 78' lang='grc' dir='ltr'>θθ</span> <span class='ocrx_word' id='word_1_206' title='bbox 471 2646 502 2704; x_wconf 89' lang='grc' dir='ltr'>οὐ</span> <span class='ocrx_word' id='word_1_207' title='bbox 517 2644 561 2706; x_wconf 86' lang='grc' dir='ltr'>δεῖ</span> <span class='ocrx_word' id='word_1_208' title='bbox 576 2645 604 2704; x_wconf 85' lang='grc' dir='ltr'>έν</span> <span class='ocrx_word' id='word_1_209' title='bbox 619 2641 736 2723; x_wconf 79' lang='grc' dir='ltr'>βιθλίοις</span> <span class='ocrx_word' id='word_1_210' title='bbox 750 2641 925 2700; x_wconf 89' lang='grc' dir='ltr'>ἀποτίθεσθαι</span> <span class='ocrx_word' id='word_1_211' title='bbox 938 2643 971 2698; x_wconf 82' lang='grc' dir='ltr'>τά</span> <span class='ocrx_word' id='word_1_212' title='bbox 986 2644 1123 2718; x_wconf 90' lang='grc' dir='ltr'>νοήματα,</span> <span class='ocrx_word' id='word_1_213' title='bbox 1139 2641 1209 2700; x_wconf 86' lang='grc' dir='ltr'>ἀλλά</span> <span class='ocrx_word' id='word_1_214' title='bbox 1224 2641 1252 2700; x_wconf 88' lang='grc' dir='ltr'>έν</span> <span class='ocrx_word' id='word_1_215' title='bbox 1265 2648 1299 2718; x_wconf 79' lang='grc' dir='ltr'>τῇ</span> <span class='ocrx_word' id='word_1_216' title='bbox 1314 2646 1402 2724; x_wconf 80' lang='grc' dir='ltr'>ψυχῇ.</span> 
     </span>
    </p>
   </div>
   <div class='ocr_carea' id='block_1_6' title="bbox 509 2787 1121 2870">
    <p class='ocr_par' dir='ltr' id='par_1_12' title="bbox 509 2787 1121 2870">
     <span class='ocr_line' id='line_1_22' title="bbox 509 2787 1121 2870; baseline -0.007 -17"><span class='ocrx_word' id='word_1_217' title='bbox 509 2789 579 2856; x_wconf 79' lang='grc' dir='ltr'>ταδ’.</span> <span class='ocrx_word' id='word_1_218' title='bbox 603 2791 735 2864; x_wconf 80' lang='grc' dir='ltr'>Πολλῆς</span> <span class='ocrx_word' id='word_1_219' title='bbox 757 2789 792 2849; x_wconf 78' lang='grc' dir='ltr'>ἀν</span> <span class='ocrx_word' id='word_1_220' title='bbox 813 2787 982 2870; x_wconf 85' lang='grc' dir='ltr'>εὐηθείας]</span> <span class='ocrx_word' id='word_1_221' title='bbox 1004 2790 1062 2849; x_wconf 84' lang='grc'>275</span> <span class='ocrx_word' id='word_1_222' title='bbox 1085 2788 1121 2849; x_wconf 88' lang='lat' dir='ltr'>C.</span> 
     </span>
    </p>
   </div>
   <div class='ocr_carea' id='block_1_7' title="bbox 469 2935 1591 3220">
    <p class='ocr_par' dir='ltr' id='par_1_13' title="bbox 469 2935 1591 3220">
     <span class='ocr_line' id='line_1_23' title="bbox 509 2935 1591 3019; baseline -0.006 -19"><span class='ocrx_word' id='word_1_223' title='bbox 509 2941 569 3000; x_wconf 67' lang='grc' dir='ltr'>’Ὅτι</span> <span class='ocrx_word' id='word_1_224' title='bbox 587 2943 602 2999; x_wconf 87' lang='grc' dir='ltr'>δ</span> <span class='ocrx_word' id='word_1_225' title='bbox 622 2940 672 3018; x_wconf 78' lang='grc' dir='ltr'>μέν</span> <span class='ocrx_word' id='word_1_226' title='bbox 691 2936 778 2998; x_wconf 81' lang='grc' dir='ltr'>οἶέται</span> <span class='ocrx_word' id='word_1_227' title='bbox 794 2939 893 3019; x_wconf 88' lang='grc' dir='ltr'>τέχνην</span> <span class='ocrx_word' id='word_1_228' title='bbox 912 2936 940 2994; x_wconf 88' lang='grc' dir='ltr'>έν</span> <span class='ocrx_word' id='word_1_229' title='bbox 955 2937 1112 3017; x_wconf 85' lang='grc' dir='ltr'>γράμμασιν</span> <span class='ocrx_word' id='word_1_230' title='bbox 1132 2936 1249 3018; x_wconf 84' lang='grc' dir='ltr'>άψύχοις</span> <span class='ocrx_word' id='word_1_231' title='bbox 1264 2935 1431 3010; x_wconf 84' lang='grc' dir='ltr'>καταλιπεῖν,</span> <span class='ocrx_word' id='word_1_232' title='bbox 1447 2939 1462 2994; x_wconf 88' lang='grc' dir='ltr'>δ</span> <span class='ocrx_word' id='word_1_233' title='bbox 1478 2935 1506 2994; x_wconf 79' lang='grc' dir='ltr'>δέ</span> <span class='ocrx_word' id='word_1_234' title='bbox 1519 2939 1591 3018; x_wconf 89' lang='grc' dir='ltr'>παρά</span> 
     </span>
     <span class='ocr_line' id='line_1_24' title="bbox 469 3033 1588 3125; baseline -0.007 -25"><span class='ocrx_word' id='word_1_235' title='bbox 469 3041 583 3125; x_wconf 87' lang='grc' dir='ltr'>ἀψύχων</span> <span class='ocrx_word' id='word_1_236' title='bbox 604 3039 753 3118; x_wconf 85' lang='grc' dir='ltr'>μανθάνειν.</span> <span class='ocrx_word' id='word_1_237' title='bbox 777 3071 816 3082; x_wconf 94' lang='grc'>-</span> <span class='ocrx_word' id='word_1_238' title='bbox 838 3035 896 3092; x_wconf 80' lang='grc' dir='ltr'>Καὶ</span> <span class='ocrx_word' id='word_1_239' title='bbox 916 3041 960 3109; x_wconf 84' lang='grc' dir='ltr'>τῷ</span> <span class='ocrx_word' id='word_1_240' title='bbox 984 3033 1053 3092; x_wconf 89' lang='grc' dir='ltr'>όντι</span> <span class='ocrx_word' id='word_1_241' title='bbox 1074 3036 1133 3106; x_wconf 79' lang='grc' dir='ltr'>τὴν</span> <span class='ocrx_word' id='word_1_242' title='bbox 1153 3035 1342 3111; x_wconf 76' lang='grc' dir='ltr'>Ἄμμωνος,</span> <span class='ocrx_word' id='word_1_243' title='bbox 1366 3035 1408 3092; x_wconf 85' lang='grc' dir='ltr'>δτι</span> <span class='ocrx_word' id='word_1_244' title='bbox 1430 3035 1520 3108; x_wconf 85' lang='grc' dir='ltr'>λήθην</span> <span class='ocrx_word' id='word_1_245' title='bbox 1540 3037 1588 3092; x_wconf 86' lang='grc' dir='ltr'>καὶ</span> 
     </span>
     <span class='ocr_line' id='line_1_25' title="bbox 470 3133 1073 3220; baseline -0.01 -22"><span class='ocrx_word' id='word_1_246' title='bbox 470 3133 630 3220; x_wconf 79' lang='grc' dir='ltr'>δοξοσοφίαν</span> <span class='ocrx_word' id='word_1_247' title='bbox 646 3136 759 3195; x_wconf 87' lang='grc' dir='ltr'>έντίκτει</span> <span class='ocrx_word' id='word_1_248' title='bbox 771 3140 854 3192; x_wconf 84' lang='grc' dir='ltr'>ταῦτα</span> <span class='ocrx_word' id='word_1_249' title='bbox 866 3134 899 3190; x_wconf 79' lang='grc' dir='ltr'>τά</span> <span class='ocrx_word' id='word_1_250' title='bbox 913 3135 1073 3213; x_wconf 88' lang='grc' dir='ltr'>γράμματα.</span> 
     </span>
    </p>
   </div>
   <div class='ocr_carea' id='block_1_8' title="bbox 406 3285 1213 3376">
    <p class='ocr_par' dir='ltr' id='par_1_14' title="bbox 406 3285 1213 3376">
     <span class='ocr_line' id='line_1_26' title="bbox 406 3285 1213 3376; baseline -0.011 -23"><span class='ocrx_word' id='word_1_251' title='bbox 406 3311 437 3364; x_wconf 74' lang='lat'>25</span> <span class='ocrx_word' id='word_1_252' title='bbox 510 3291 582 3376; x_wconf 83' lang='grc' dir='ltr'>τογ’.</span> <span class='ocrx_word' id='word_1_253' title='bbox 599 3291 700 3350; x_wconf 89' lang='grc' dir='ltr'>Πλέον</span> <span class='ocrx_word' id='word_1_254' title='bbox 720 3290 781 3370; x_wconf 81' lang='grc' dir='ltr'>γὰρ</span> <span class='ocrx_word' id='word_1_255' title='bbox 803 3289 956 3364; x_wconf 81' lang='grc' dir='ltr'>οἰόμενος</span> <span class='ocrx_word' id='word_1_256' title='bbox 978 3286 1081 3364; x_wconf 80' lang='grc' dir='ltr'>εἶναι]</span> <span class='ocrx_word' id='word_1_257' title='bbox 1103 3288 1161 3346; x_wconf 82' lang='grc'>275</span> <span class='ocrx_word' id='word_1_258' title='bbox 1177 3285 1213 3346; x_wconf 88' lang='lat' dir='ltr'>C.</span> 
     </span>
    </p>
   </div>
   <div class='ocr_carea' id='block_1_9' title="bbox 469 3431 1587 3710">
    <p class='ocr_par' dir='ltr' id='par_1_15' title="bbox 469 3431 1587 3710">
     <span class='ocr_line' id='line_1_27' title="bbox 510 3431 1587 3513; baseline -0.006 -17"><span class='ocrx_word' id='word_1_259' title='bbox 510 3436 580 3496; x_wconf 88' lang='grc' dir='ltr'>Ἰδού</span> <span class='ocrx_word' id='word_1_260' title='bbox 594 3436 708 3494; x_wconf 81' lang='grc' dir='ltr'>ἐνταῦθα</span> <span class='ocrx_word' id='word_1_261' title='bbox 722 3432 887 3491; x_wconf 84' lang='grc' dir='ltr'>ἐνδείκνυται</span> <span class='ocrx_word' id='word_1_262' title='bbox 900 3433 968 3489; x_wconf 89' lang='grc' dir='ltr'>κατά</span> <span class='ocrx_word' id='word_1_263' title='bbox 985 3433 1010 3488; x_wconf 90' lang='grc' dir='ltr'>τί</span> <span class='ocrx_word' id='word_1_264' title='bbox 1028 3431 1110 3489; x_wconf 87' lang='grc' dir='ltr'>καλόν</span> <span class='ocrx_word' id='word_1_265' title='bbox 1128 3431 1184 3489; x_wconf 81' lang='grc' dir='ltr'>ἐστι</span> <span class='ocrx_word' id='word_1_266' title='bbox 1197 3433 1227 3489; x_wconf 86' lang='grc' dir='ltr'>τό</span> <span class='ocrx_word' id='word_1_267' title='bbox 1242 3433 1364 3513; x_wconf 82' lang='grc' dir='ltr'>γράφειν,</span> <span class='ocrx_word' id='word_1_268' title='bbox 1379 3433 1420 3490; x_wconf 82' lang='grc' dir='ltr'>δτι</span> <span class='ocrx_word' id='word_1_269' title='bbox 1435 3433 1587 3509; x_wconf 79' lang='grc' dir='ltr'>ὑπόμνησίς</span> 
     </span>
     <span class='ocr_line' id='line_1_28' title="bbox 469 3529 1587 3612; baseline -0.008 -16"><span class='ocrx_word' id='word_1_270' title='bbox 469 3537 525 3596; x_wconf 86' lang='grc' dir='ltr'>έστι</span> <span class='ocrx_word' id='word_1_271' title='bbox 544 3540 598 3594; x_wconf 82' lang='grc' dir='ltr'>τῶν</span> <span class='ocrx_word' id='word_1_272' title='bbox 620 3533 731 3593; x_wconf 80' lang='grc' dir='ltr'>εἰδότων</span> <span class='ocrx_word' id='word_1_273' title='bbox 751 3532 784 3588; x_wconf 89' lang='grc' dir='ltr'>τά</span> <span class='ocrx_word' id='word_1_274' title='bbox 802 3532 961 3612; x_wconf 83' lang='grc' dir='ltr'>γράμματα·</span> <span class='ocrx_word' id='word_1_275' title='bbox 985 3531 1137 3607; x_wconf 81' lang='grc' dir='ltr'>ἐπιστήμην</span> <span class='ocrx_word' id='word_1_276' title='bbox 1158 3529 1211 3610; x_wconf 81' lang='grc' dir='ltr'>γάρ</span> <span class='ocrx_word' id='word_1_277' title='bbox 1230 3536 1288 3594; x_wconf 86' lang='grc' dir='ltr'>τοῖς</span> <span class='ocrx_word' id='word_1_278' title='bbox 1307 3529 1515 3612; x_wconf 75' lang='grc' dir='ltr'>ἐντυγχάνουσιν</span> <span class='ocrx_word' id='word_1_279' title='bbox 1537 3531 1587 3589; x_wconf 90' lang='grc' dir='ltr'>οὐκ</span> 
     </span>
     <span class='ocr_line' id='line_1_29' title="bbox 470 3624 1322 3710; baseline -0.008 -16"><span class='ocrx_word' id='word_1_280' title='bbox 470 3635 624 3694; x_wconf 82' lang='grc' dir='ltr'>έντέκτουσι·</span> <span class='ocrx_word' id='word_1_281' title='bbox 640 3639 701 3697; x_wconf 86' lang='grc' dir='ltr'>τοῖς</span> <span class='ocrx_word' id='word_1_282' title='bbox 716 3629 763 3688; x_wconf 85' lang='grc' dir='ltr'>οὐν</span> <span class='ocrx_word' id='word_1_283' title='bbox 778 3629 940 3705; x_wconf 84' lang='grc' dir='ltr'>έπιστήμοσι</span> <span class='ocrx_word' id='word_1_284' title='bbox 954 3627 997 3686; x_wconf 89' lang='grc' dir='ltr'>δεῖ</span> <span class='ocrx_word' id='word_1_285' title='bbox 1009 3629 1155 3710; x_wconf 84' lang='grc' dir='ltr'>γράφεσθαι</span> <span class='ocrx_word' id='word_1_286' title='bbox 1168 3629 1203 3685; x_wconf 88' lang='grc' dir='ltr'>τά</span> <span class='ocrx_word' id='word_1_287' title='bbox 1221 3624 1322 3702; x_wconf 81' lang='grc' dir='ltr'>βιόλία.</span> 
     </span>
    </p>
   </div>
   <div class='ocr_carea' id='block_1_10' title="bbox 510 3778 1213 3864">
    <p class='ocr_par' dir='ltr' id='par_1_16' title="bbox 510 3778 1213 3864">
     <span class='ocr_line' id='line_1_30' title="bbox 510 3778 1213 3864; baseline -0.013 -15"><span class='ocrx_word' id='word_1_288' title='bbox 510 3787 578 3850; x_wconf 81' lang='grc' dir='ltr'>ουδ’.</span> <span class='ocrx_word' id='word_1_289' title='bbox 595 3785 706 3844; x_wconf 85' lang='grc' dir='ltr'>Δεινὸν</span> <span class='ocrx_word' id='word_1_290' title='bbox 728 3783 788 3864; x_wconf 90' lang='grc' dir='ltr'>γάρ</span> <span class='ocrx_word' id='word_1_291' title='bbox 809 3803 870 3839; x_wconf 93' lang='grc' dir='ltr'>που</span> <span class='ocrx_word' id='word_1_292' title='bbox 894 3781 916 3838; x_wconf 84' lang='grc' dir='ltr'><em>ὦ</em></span> <span class='ocrx_word' id='word_1_293' title='bbox 939 3778 1078 3862; x_wconf 83' lang='grc' dir='ltr'>Φαῖδρε]</span> <span class='ocrx_word' id='word_1_294' title='bbox 1100 3781 1159 3840; x_wconf 86' lang='grc'>275</span> <span class='ocrx_word' id='word_1_295' title='bbox 1174 3780 1213 3841; x_wconf 89' lang='lat' dir='ltr'>D.</span> 
     </span>
    </p>
   </div>
   <div class='ocr_carea' id='block_1_11' title="bbox 405 3929 1586 4213">
    <p class='ocr_par' dir='ltr' id='par_1_17' title="bbox 405 3929 1586 4213">
     <span class='ocr_line' id='line_1_31' title="bbox 405 3929 1585 4012; baseline -0.011 -13"><span class='ocrx_word' id='word_1_296' title='bbox 405 3955 437 4008; x_wconf 75' lang='lat' dir='ltr'>ao</span> <span class='ocrx_word' id='word_1_297' title='bbox 510 3937 645 3998; x_wconf 79' lang='grc' dir='ltr'>Ἐντεῦθεν</span> <span class='ocrx_word' id='word_1_298' title='bbox 659 3933 794 4012; x_wconf 78' lang='grc' dir='ltr'>σύγκρισιν</span> <span class='ocrx_word' id='word_1_299' title='bbox 803 3937 858 3988; x_wconf 82' lang='grc' dir='ltr'>τῶν</span> <span class='ocrx_word' id='word_1_300' title='bbox 873 3929 964 4009; x_wconf 90' lang='grc' dir='ltr'>λόγων</span> <span class='ocrx_word' id='word_1_301' title='bbox 974 3936 1092 3988; x_wconf 87' lang='grc' dir='ltr'>ποιεῖται</span> <span class='ocrx_word' id='word_1_302' title='bbox 1105 3935 1152 3986; x_wconf 77' lang='grc' dir='ltr'>τοῦ</span> <span class='ocrx_word' id='word_1_303' title='bbox 1161 3930 1268 4011; x_wconf 87' lang='grc' dir='ltr'>ἀψύχου</span> <span class='ocrx_word' id='word_1_304' title='bbox 1282 3931 1327 3987; x_wconf 82' lang='grc' dir='ltr'>καὶ</span> <span class='ocrx_word' id='word_1_305' title='bbox 1341 3929 1474 4006; x_wconf 86' lang='grc' dir='ltr'>έμψύκου·</span> <span class='ocrx_word' id='word_1_306' title='bbox 1485 3929 1585 4006; x_wconf 84' lang='grc' dir='ltr'>άψυκον</span> 
     </span>
     <span class='ocr_line' id='line_1_32' title="bbox 468 4025 1585 4115; baseline -0.011 -19"><span class='ocrx_word' id='word_1_307' title='bbox 468 4035 497 4096; x_wconf 78' lang='grc' dir='ltr'>δέ</span> <span class='ocrx_word' id='word_1_308' title='bbox 511 4037 585 4115; x_wconf 85' lang='grc' dir='ltr'>λέγω</span> <span class='ocrx_word' id='word_1_309' title='bbox 605 4035 635 4092; x_wconf 89' lang='grc' dir='ltr'>δν</span> <span class='ocrx_word' id='word_1_310' title='bbox 651 4032 697 4090; x_wconf 87' lang='grc' dir='ltr'>καὶ</span> <span class='ocrx_word' id='word_1_311' title='bbox 714 4031 809 4088; x_wconf 92' lang='grc' dir='ltr'>νόθον</span> <span class='ocrx_word' id='word_1_312' title='bbox 828 4028 909 4086; x_wconf 85' lang='grc' dir='ltr'>καλεῖ</span> <span class='ocrx_word' id='word_1_313' title='bbox 929 4027 976 4084; x_wconf 89' lang='grc' dir='ltr'>τὸν</span> <span class='ocrx_word' id='word_1_314' title='bbox 995 4027 1023 4086; x_wconf 86' lang='grc' dir='ltr'>έν</span> <span class='ocrx_word' id='word_1_315' title='bbox 1044 4027 1214 4107; x_wconf 87' lang='grc' dir='ltr'>γράμμασιν,</span> <span class='ocrx_word' id='word_1_316' title='bbox 1235 4025 1379 4109; x_wconf 87' lang='grc' dir='ltr'>ἀδελφὸν</span> <span class='ocrx_word' id='word_1_317' title='bbox 1399 4025 1428 4086; x_wconf 76' lang='grc' dir='ltr'>δέ</span> <span class='ocrx_word' id='word_1_318' title='bbox 1448 4032 1585 4108; x_wconf 89' lang='grc' dir='ltr'>γνήσιον</span> 
     </span>
     <span class='ocr_line' id='line_1_33' title="bbox 466 4119 1586 4213; baseline -0.012 -17"><span class='ocrx_word' id='word_1_319' title='bbox 466 4137 512 4198; x_wconf 87' lang='grc' dir='ltr'>καὶ</span> <span class='ocrx_word' id='word_1_320' title='bbox 531 4131 656 4213; x_wconf 81' lang='grc' dir='ltr'>έμψυχον</span> <span class='ocrx_word' id='word_1_321' title='bbox 674 4135 722 4189; x_wconf 78' lang='grc' dir='ltr'>τοῦ</span> <span class='ocrx_word' id='word_1_322' title='bbox 741 4127 891 4186; x_wconf 81' lang='grc' dir='ltr'>ἐνδιαθέτου</span> <span class='ocrx_word' id='word_1_323' title='bbox 906 4126 989 4204; x_wconf 84' lang='grc' dir='ltr'>λόγου</span> <span class='ocrx_word' id='word_1_324' title='bbox 1003 4127 1050 4183; x_wconf 86' lang='grc' dir='ltr'>τὸν</span> <span class='ocrx_word' id='word_1_325' title='bbox 1071 4125 1098 4184; x_wconf 88' lang='grc' dir='ltr'>έν</span> <span class='ocrx_word' id='word_1_326' title='bbox 1111 4131 1145 4202; x_wconf 76' lang='grc' dir='ltr'>τῇ</span> <span class='ocrx_word' id='word_1_327' title='bbox 1165 4131 1214 4183; x_wconf 79' lang='grc' dir='ltr'>τοῦ</span> <span class='ocrx_word' id='word_1_328' title='bbox 1230 4126 1411 4201; x_wconf 87' lang='grc' dir='ltr'>μανθάνοντος</span> <span class='ocrx_word' id='word_1_329' title='bbox 1425 4119 1586 4208; x_wconf 64' lang='grc' dir='ltr'>ψυχή’έντι-</span> 
     </span>
    </p>
   </div>
   <div class='ocr_carea' id='block_1_12' title="bbox 463 4315 1585 4740">
    <p class='ocr_par' dir='ltr' id='par_1_18' title="bbox 463 4315 1585 4740">
     <span class='ocr_line' id='line_1_34' title="bbox 497 4315 1585 4383; baseline -0.01 -2"><span class='ocrx_word' id='word_1_330' title='bbox 497 4323 573 4380; x_wconf 80' lang='lat' dir='ltr'>NGl</span> <span class='ocrx_word' id='word_1_331' title='bbox 590 4319 847 4383; x_wconf 78' lang='grc' dir='ltr'>οὐκοῦν,οι·ιιί)ι’.Α</span> <span class='ocrx_word' id='word_1_332' title='bbox 909 4315 1074 4380; x_wconf 79' lang='grc' dir='ltr'>2γινομένην</span> <span class='ocrx_word' id='word_1_333' title='bbox 1085 4317 1174 4382; x_wconf 80' lang='grc' dir='ltr'>τέχνην</span> <span class='ocrx_word' id='word_1_334' title='bbox 1189 4316 1218 4366; x_wconf 86' lang='grc' dir='ltr'><strong>Μ</strong></span> <span class='ocrx_word' id='word_1_335' title='bbox 1282 4315 1446 4368; x_wconf 77' lang='grc' dir='ltr'>δδεθυίυεί</span> <span class='ocrx_word' id='word_1_336' title='bbox 1509 4317 1585 4370; x_wconf 85' lang='grc' dir='ltr'>7άν·</span> 
     </span>
     <span class='ocr_line' id='line_1_35' title="bbox 464 4386 1584 4460; baseline -0.012 -7"><span class='ocrx_word' id='word_1_337' title='bbox 464 4394 682 4460; x_wconf 80' lang='grc' dir='ltr'>ιιποιουμίνηνΜ</span> <span class='ocrx_word' id='word_1_338' title='bbox 699 4391 764 4454; x_wconf 71' lang='lat' dir='ltr'><strong>(jam</strong></span> <span class='ocrx_word' id='word_1_339' title='bbox 776 4391 1012 4448; x_wconf 70' lang='grc' dir='ltr'>σοιιεσοσειΑετ)</span> <span class='ocrx_word' id='word_1_340' title='bbox 1075 4386 1134 4439; x_wconf 73' lang='grc' dir='ltr'>Βδλ</span> <span class='ocrx_word' id='word_1_341' title='bbox 1146 4399 1202 4438; x_wconf 87' lang='lat' dir='ltr'>om.</span> <span class='ocrx_word' id='word_1_342' title='bbox 1217 4387 1250 4438; x_wconf 82' lang='grc' dir='ltr'>Μ’</span> <span class='ocrx_word' id='word_1_343' title='bbox 1309 4387 1341 4439; x_wconf 81' lang='grc'>12</span> <span class='ocrx_word' id='word_1_344' title='bbox 1357 4391 1400 4439; x_wconf 79' lang='grc' dir='ltr'>καὶ</span> <span class='ocrx_word' id='word_1_345' title='bbox 1412 4393 1476 4440; x_wconf 75' lang='lat' dir='ltr'>ante</span> <span class='ocrx_word' id='word_1_346' title='bbox 1488 4391 1516 4440; x_wconf 74' lang='grc' dir='ltr'>τὸ</span> <span class='ocrx_word' id='word_1_347' title='bbox 1528 4402 1584 4440; x_wconf 86' lang='lat' dir='ltr'>om.</span> 
     </span>
     <span class='ocr_line' id='line_1_36' title="bbox 466 4457 1583 4527; baseline -0.007 -9"><span class='ocrx_word' id='word_1_348' title='bbox 466 4469 494 4522; x_wconf 86' lang='grc' dir='ltr'><strong><em>Μ</em></strong></span> <span class='ocrx_word' id='word_1_349' title='bbox 560 4467 591 4520; x_wconf 82' lang='grc'>15</span> <span class='ocrx_word' id='word_1_350' title='bbox 608 4466 642 4524; x_wconf 87' lang='grc' dir='ltr'>είς</span> <span class='ocrx_word' id='word_1_351' title='bbox 656 4489 687 4502; x_wconf 93' lang='grc'>-</span> <span class='ocrx_word' id='word_1_352' title='bbox 700 4463 731 4514; x_wconf 89' lang='grc'>16</span> <span class='ocrx_word' id='word_1_353' title='bbox 743 4459 813 4526; x_wconf 82' lang='grc' dir='ltr'>φησί]</span> <span class='ocrx_word' id='word_1_354' title='bbox 826 4463 882 4511; x_wconf 88' lang='grc' dir='ltr'>τότε</span> <span class='ocrx_word' id='word_1_355' title='bbox 895 4462 979 4517; x_wconf 79' lang='grc' dir='ltr'>καλῶς</span> <span class='ocrx_word' id='word_1_356' title='bbox 990 4459 1033 4509; x_wconf 79' lang='grc' dir='ltr'>καὶ</span> <span class='ocrx_word' id='word_1_357' title='bbox 1048 4457 1177 4524; x_wconf 85' lang='grc' dir='ltr'>εὐπρεπῶς</span> <span class='ocrx_word' id='word_1_358' title='bbox 1190 4458 1341 4525; x_wconf 73' lang='grc' dir='ltr'>συγγράφειν</span> <span class='ocrx_word' id='word_1_359' title='bbox 1353 4457 1381 4508; x_wconf 89' lang='grc' dir='ltr'><strong>Μ</strong></span> <span class='ocrx_word' id='word_1_360' title='bbox 1396 4459 1468 4520; x_wconf 75' lang='lat' dir='ltr'><strong>(add.</strong></span> <span class='ocrx_word' id='word_1_361' title='bbox 1480 4463 1540 4527; x_wconf 85' lang='grc' dir='ltr'>φησί</span> <span class='ocrx_word' id='word_1_362' title='bbox 1552 4461 1583 4524; x_wconf 77' lang='lat' dir='ltr'>E)</span> 
     </span>
     <span class='ocr_line' id='line_1_37' title="bbox 464 4528 1582 4608; baseline -0.01 -15"><span class='ocrx_word' id='word_1_363' title='bbox 464 4539 538 4608; x_wconf 86' lang='lat' dir='ltr'><strong>quod</strong></span> <span class='ocrx_word' id='word_1_364' title='bbox 553 4536 698 4604; x_wconf 69' lang='lat' dir='ltr'><strong>repetitum</strong></span> <span class='ocrx_word' id='word_1_365' title='bbox 712 4547 745 4586; x_wconf 77' lang='lat' dir='ltr'>ex</span> <span class='ocrx_word' id='word_1_366' title='bbox 761 4529 879 4598; x_wconf 77' lang='lat' dir='ltr'><strong>praeced.</strong></span> <span class='ocrx_word' id='word_1_367' title='bbox 898 4530 953 4582; x_wconf 85' lang='lat' dir='ltr'><strong>del.</strong></span> <span class='ocrx_word' id='word_1_368' title='bbox 973 4533 1031 4582; x_wconf 79' lang='grc' dir='ltr'>Αετ</span> <span class='ocrx_word' id='word_1_369' title='bbox 1094 4528 1125 4579; x_wconf 89' lang='grc'>18</span> <span class='ocrx_word' id='word_1_370' title='bbox 1142 4531 1295 4582; x_wconf 78' lang='grc' dir='ltr'>ἀπέπλευσεν</span> <span class='ocrx_word' id='word_1_371' title='bbox 1314 4532 1341 4580; x_wconf 89' lang='grc' dir='ltr'><strong><em>Μ</em></strong></span> <span class='ocrx_word' id='word_1_372' title='bbox 1407 4531 1438 4582; x_wconf 84' lang='grc'>19</span> <span class='ocrx_word' id='word_1_373' title='bbox 1453 4531 1534 4584; x_wconf 83' lang='grc' dir='ltr'>πάντα</span> <span class='ocrx_word' id='word_1_374' title='bbox 1555 4533 1582 4582; x_wconf 88' lang='grc' dir='ltr'><strong><em>Μ</em></strong></span> 
     </span>
     <span class='ocr_line' id='line_1_38' title="bbox 526 4599 1583 4679; baseline -0.008 -17"><span class='ocrx_word' id='word_1_375' title='bbox 526 4607 709 4679; x_wconf 80' lang='grc' dir='ltr'>πειρασθεὶςΜ</span> <span class='ocrx_word' id='word_1_376' title='bbox 773 4602 803 4654; x_wconf 80' lang='lat'>21</span> <span class='ocrx_word' id='word_1_377' title='bbox 816 4606 918 4666; x_wconf 81' lang='grc' dir='ltr'>πολλῆς,</span> <span class='ocrx_word' id='word_1_378' title='bbox 931 4621 965 4654; x_wconf 88' lang='grc' dir='ltr'>πο</span> <span class='ocrx_word' id='word_1_379' title='bbox 979 4601 1053 4652; x_wconf 79' lang='lat' dir='ltr'>rubr.</span> <span class='ocrx_word' id='word_1_380' title='bbox 1067 4603 1091 4650; x_wconf 80' lang='lat' dir='ltr'><strong>A</strong></span> <span class='ocrx_word' id='word_1_381' title='bbox 1154 4599 1185 4650; x_wconf 79' lang='lat'>25</span> <span class='ocrx_word' id='word_1_382' title='bbox 1201 4603 1286 4665; x_wconf 84' lang='grc' dir='ltr'>πλέον,</span> <span class='ocrx_word' id='word_1_383' title='bbox 1298 4605 1331 4653; x_wconf 83' lang='grc' dir='ltr'>πλ</span> <span class='ocrx_word' id='word_1_384' title='bbox 1344 4603 1418 4653; x_wconf 81' lang='lat' dir='ltr'>rubr.</span> <span class='ocrx_word' id='word_1_385' title='bbox 1436 4605 1460 4653; x_wconf 83' lang='grc' dir='ltr'>Α</span> <span class='ocrx_word' id='word_1_386' title='bbox 1524 4602 1583 4670; x_wconf 89' lang='grc' dir='ltr'>γάρ]</span> 
     </span>
     <span class='ocr_line' id='line_1_39' title="bbox 463 4671 1583 4740; baseline -0.011 -2"><span class='ocrx_word' id='word_1_387' title='bbox 463 4703 485 4738; x_wconf 83' lang='grc' dir='ltr'>τι</span> <span class='ocrx_word' id='word_1_388' title='bbox 502 4683 570 4736; x_wconf 77' lang='lat' dir='ltr'>l&#39;lat.</span> <span class='ocrx_word' id='word_1_389' title='bbox 635 4681 666 4734; x_wconf 79' lang='lat'>29</span> <span class='ocrx_word' id='word_1_390' title='bbox 687 4678 776 4738; x_wconf 78' lang='grc' dir='ltr'>δεινὸν,</span> <span class='ocrx_word' id='word_1_391' title='bbox 800 4678 836 4726; x_wconf 78' lang='grc' dir='ltr'>δει</span> <span class='ocrx_word' id='word_1_392' title='bbox 857 4674 931 4724; x_wconf 82' lang='lat' dir='ltr'><strong>rubr.</strong></span> <span class='ocrx_word' id='word_1_393' title='bbox 954 4677 977 4723; x_wconf 83' lang='lat' dir='ltr'>A</span> <span class='ocrx_word' id='word_1_394' title='bbox 1042 4671 1071 4722; x_wconf 84' lang='grc'>31</span> <span class='ocrx_word' id='word_1_395' title='bbox 1087 4674 1159 4723; x_wconf 80' lang='grc' dir='ltr'>νόθον</span> <span class='ocrx_word' id='word_1_396' title='bbox 1177 4685 1232 4722; x_wconf 84' lang='lat' dir='ltr'>non</span> <span class='ocrx_word' id='word_1_397' title='bbox 1247 4672 1285 4723; x_wconf 89' lang='lat' dir='ltr'>ibi</span> <span class='ocrx_word' id='word_1_398' title='bbox 1304 4672 1405 4737; x_wconf 72' lang='lat' dir='ltr'>legitur</span> <span class='ocrx_word' id='word_1_399' title='bbox 1422 4675 1496 4740; x_wconf 83' lang='lat' dir='ltr'><strong>apud</strong></span> <span class='ocrx_word' id='word_1_400' title='bbox 1513 4674 1583 4726; x_wconf 78' lang='lat' dir='ltr'><strong>Plat.</strong></span> 
     </span>
    </p>
   </div>
   <div class='ocr_carea' id='block_1_13' title="bbox 526 4744 912 4812">
    <p class='ocr_par' dir='ltr' id='par_1_19' title="bbox 526 4744 912 4812">
     <span class='ocr_line' id='line_1_40' title="bbox 526 4744 912 4812; baseline -0.023 -8"><span class='ocrx_word' id='word_1_401' title='bbox 526 4755 556 4806; x_wconf 70' lang='grc' dir='ltr'>δέ</span> <span class='ocrx_word' id='word_1_402' title='bbox 573 4755 615 4805; x_wconf 86' lang='grc' dir='ltr'>τδν</span> <span class='ocrx_word' id='word_1_403' title='bbox 635 4749 772 4804; x_wconf 71' lang='grc' dir='ltr'>ἐνδιάθετον</span> <span class='ocrx_word' id='word_1_404' title='bbox 791 4749 867 4812; x_wconf 82' lang='grc' dir='ltr'>λόγον</span> <span class='ocrx_word' id='word_1_405' title='bbox 885 4744 912 4795; x_wconf 87' lang='grc' dir='ltr'><strong><em>Μ</em></strong></span> 
     </span>
    </p>
   </div>
   <div class='ocr_carea' id='block_1_14' title="bbox 0 0 1806 5690">
    <p class='ocr_par' dir='ltr' id='par_1_20' title="bbox 0 0 1806 5690">
     <span class='ocr_line' id='line_1_41' title="bbox 0 0 1806 5690; baseline 0 5"><span class='ocrx_word' id='word_1_406' title='bbox 0 0 1806 5690; x_wconf 95' lang='lat' dir='ltr'> </span> 
     </span>
    </p>
   </div>
  </div>
 </body>
</html>
