3600 5734
454 635 508 685 ΕΙΣ
529 635 590 684 ΤΟΝ
615 635 790 688 nmmos
813 637 956 687 ΦΑΙΔΡΟΝ
980 637 1102 689 ΣΧΟΛΙᾹ
1297 653 1339 703 155

114 796 182 862 [1441
218 790 267 862 μέν
287 789 326 852 ὡς
344 785 370 855 ἐξ
391 787 473 860 ὅλων,
490 791 507 860 ἢ
528 786 556 846 δέ
574 790 612 854 ὡς
633 789 734 846 ἐκτῶν
753 790 941 868 μερικωτέρων
955 789 1198 872 αυμπληρουμένη,
1217 815 1341 872 παραγο-

218 887 304 961 μένων
322 893 374 943 τὼν
391 885 580 966 μερικωτέρων
598 889 648 944 ύπδ
669 893 723 945 τῶν
743 887 769 945 ἐν
789 889 886 951 αῦτοῑς
903 886 1082 968 ὅλικωτέρων,
1100 893 1160 948 οίον
1180 891 1219 956 ὡς
1235 891 1278 948 ίπί
1294 897 1342 948 τοῦ

216 985 332 1060 κύσμου·
354 985 417 1050 ὅλος
436 986 486 1066 γάρ
506 983 575 1042 ἐστιν
595 988 609 1042 ὅ
629 985 733 1062 κύαμος
752 987 791 1051 ὡς
809 986 977 1057 συνεστηκὼς
993 987 1024 1044 ἐκ
1036 993 1089 1044 τῶν
1101 987 1171 1046 ὅλων
1186 991 1339 1071 στοιχείων,

216 1080 242 1149 ἐξ
263 1082 329 1156 ὅλης
347 1092 412 1161 γῆς,
434 1079 461 1150 ἐξ
481 1081 544 1141 ὅλου
562 1085 658 1164 πυρὸς,
678 1081 704 1151 ἐξ
725 1083 789 1142 ὅλου
809 1083 919 1155 ύδατος,
940 1085 968 1152 ἐξ
984 1085 1049 1144 ὅλου
1068 1087 1158 1166 ἀέρος,
1176 1091 1210 1160 ἣν
1225 1087 1341 1160 ὅλὸτητα

105 1191 198 1240 mor·
215 1189 290 1239 ποιεῖ
310 1183 324 1239 ὅ
343 1181 508 1261 δημιουργὸς
527 1183 541 1238 6
561 1178 731 1263 ἐξῃρημένος
750 1184 825 1248 Ζεύς.
848 1185 898 1240 Καί
917 1183 995 1242 πάλιν
1014 1184 1048 1240 αῦ
1068 1185 1165 1264 ἑτέρως
1189 1185 1194 1264 Ι
1217 1185 1279 1244 ὅλον
1299 1186 1340 1244 λέ-

213 1303 288 1358 γεται
303 1282 317 1337 ὅ
331 1281 447 1357 κύαμος,
465 1281 503 1346 ὡς
521 1281 607 1338 πάντα
621 1279 671 1338 ὅσα
687 1283 771 1354 νοητά
792 1285 846 1360 ζῷα
863 1279 934 1362 έχων
953 1283 980 1340 ἐν
998 1284 1094 1362 ἐαυτῷ,
1113 1285 1180 1364 ἀπερ
1199 1286 1243 1340 καί
1260 1285 1340 1350 αύτὸς

214 1378 309 1436 λοιπὸν
328 1379 354 1436 ἐν
372 1381 457 1457 ἐαυτῷ
476 1379 602 1458 παράγει·
623 1384 657 1451 ἧς
679 1379 856 1460 δημιουργίας
877 1379 955 1460 ἀρχει
973 1383 988 1437 6
1011 1382 1150 1446 Διόνυσος.
1172 1381 1202 1438 Ἡ
1225 1384 1273 1458 μέν
1296 1383 1343 1440 οῦν

214 1477 309 1556 πρώτη
325 1476 422 1549 ὅλύτης
438 1476 565 1556 ἀναλογεῖ
580 1479 647 1536 κατά
661 1477 724 1542 τοῦς
738 1475 813 1536 ἔνδον
827 1479 926 1544 ἐντοῖς
937 1467 1085 1560 παράγούσι
1100 1479 1228 1555 μένοντας
1245 1481 1338 1555 θεοὺς,

214 1580 232 1648 ἡ
252 1575 280 1634 δέ
299 1573 408 1655 δευτέρα
426 1577 494 1632 κατά
511 1575 574 1641 τοῦς
594 1571 645 1643 ἐξω
665 1577 717 1632 ἀπὸ
732 1583 785 1633 τῶν
801 1576 900 1634 ὁλικῶν
914 1578 1068 1658 προιόντος.
1086 1612 1125 1622 -
1138 1579 1173 1634 Τὸ
1186 1577 1214 1636 δέ
1229 1579 1272 1640 ἐπί
1287 1588 1339 1651 τῆς

151 1683 184 1732 10
216 1674 368 1750 ἐπιστήμης
384 1675 464 1754 ῥηθέν
486 1699 499 1728 ιι
518 1675 580 1756 ούχ
597 1675 615 1750 ᾗ
631 1675 757 1752 γένεσις
772 1676 949 1753 πρόσεστιν
965 1674 1038 1732 οὐδ’
1053 1676 1071 1747 ἦ
1088 1675 1157 1733 ἐστί
1171 1699 1233 1740 που
1248 1678 1340 1758 έτέρα

216 1774 248 1830 έν
270 1775 400 1853 ἐτέρων
424 1773 455 1831 ού
479 1773 563 1849 μόνον
584 1774 646 1852 περὶ
669 1782 721 1845 τῆς
746 1773 777 1830 έκ
797 1775 991 1853 θεωρημάτων
1014 1772 1085 1853 λέγει
1105 1775 1273 1848 συνεστώσης
1295 1777 1341 1833 καί

216 1870 300 1942 ούσης
320 1873 347 1928 έν
367 1876 454 1952 ψυχῇ,
474 1869 607 1930 ἀλλὰκαὶ
625 1881 678 1943 τῆς
700 1871 725 1928 ἐν
745 1877 781 1950 νῷ
800 1873 845 1928 καὶ
866 1872 892 1928 ἐν
910 1870 978 1945 ἰδέα.
999 1871 1041 1930 Ἐν
1059 1874 1110 1952 γάρ
1130 1879 1167 1953 τῷ
1185 1879 1231 1953 νῷ,
1254 1875 1342 1954 ὥσπερ

217 1969 345 2046 εἴπομεν,
366 1972 521 2051 περιέχεται
541 1971 579 2036 ὡς
596 1971 647 2027 ύπὸ
663 1968 754 2027 ἀλλον·
777 1969 876 2050 διαιρεῖ
895 1971 946 2050 γὰρ
966 1972 980 2027 6
999 1970 1080 2049 λόγος
1105 1972 1128 2030 εί
1145 1973 1190 2029 καίΙ
1210 1973 1338 2043 ῆνωνται.

216 2067 346 2148 Ἠρκέσθη
363 2067 391 2126 δέ
406 2077 467 2133 τοῖς
482 2070 550 2149 τρισί
565 2069 671 2133 τούτοις
688 2067 859 2142 δικαιοσύνης
874 2070 919 2126 καί
934 2070 1112 2151 σωφροσύνης
1127 2071 1172 2128 καί
1186 2070 1340 2147 ἐπιστήμης

152 2173 184 2226 15
217 2167 357 2242 δνὸμασιν,
376 2169 414 2233 ὡς
434 2168 479 2225 καί
501 2168 595 2243 μόναις
618 2167 759 2247 ἀρκούσαις
779 2168 846 2246 πρὸς
872 2165 1057 2243 εὐδαιμονίαν.
1079 2201 1118 2212 -
1137 2167 1231 2233 Καλῶς
1254 2167 1282 2226 δέ
1303 2174 1341 2248 τῷ

116 2272 201 2338 μηδ
219 2266 410 2343 θεασαμένη
430 2267 460 2322 τὸ
480 2267 668 2324 έστιαθεῖσα
691 2266 868 2345 προσέθηκεν·
891 2265 922 2322 ού
941 2265 946 2346 Ι
964 2266 1016 2346 γάρ
1036 2265 1107 2323 ἐστιν
1127 2265 1218 2331 ἁπλῶς
1236 2263 1341 2346 ἀμυδρὰ

217 2365 280 2436 θέα,
302 2366 375 2424 ἀλλά
392 2366 530 2446 πλήρωσις
552 2365 721 2443 ἀγαθῶνκαὶ
744 2363 876 2438 μέστωσις
895 2372 947 2436 τῆς
972 2364 1075 2429 οἰκείας
1099 2362 1281 2436 τελειότητος.
1303 2400 1343 2409 -

216 2467 251 2522 Τὸ
276 2464 304 2522 δὲ
328 2465 407 2523 δῦσα
430 2463 526 2522 πάλιν
551 2465 597 2529 είς
622 2464 657 2520 τὸ
684 2461 761 2520 είσω
782 2469 839 2520 τοῦ
865 2463 1007 2542 ούρανοῦ
1030 2460 1142 2521 οίκαδε
1162 2462 1262 2534 ἦλθεν
1286 2464 1343 2520 ἀντὶ

217 2571 277 2621 τοῦ·
294 2563 346 2620 ἀπὸ
361 2572 412 2634 τῆς
426 2564 492 2626 σέας
505 2569 556 2620 τοῦ
572 2561 766 2641 ὑπερουρανίου
783 2561 867 2617 τόπου
879 2559 987 2640 ἔρχεται
1001 2559 1044 2618 ἐπί
1059 2561 1106 2624 τάς
1122 2560 1189 2626 θέας
1204 2562 1252 2625 τάς
1268 2559 1341 2626 έντὸς

153 2666 186 2716 20
219 2663 347 2744 ούρανοῦ·
368 2661 428 2718 εἶτα
444 2659 488 2716 ἀπ’
505 2661 617 2717 ἐκείνων
637 2661 681 2717 καί
700 2659 797 2731 ἐαυτήν
817 2659 856 2724 ὡς
873 2661 965 2740 ψυχὴν
984 2665 1099 2739 θεωρεῖ·
1120 2665 1199 2715 τοῦτο
1219 2658 1269 2739 γάρ
1288 2658 1343 2716 ἐστι

216 2762 248 2818 τὸ
271 2758 385 2818 οίκαδε
410 2757 531 2817 ἐλθεῖν·
559 2757 613 2840 ούχ
637 2757 680 2814 ὅτι
705 2757 753 2815 ούν
777 2755 1001 2832 ἀπολιμπάνουσα
1025 2757 1081 2814 τὸν
1108 2757 1343 2838 ύπερουράνιον

218 2861 318 2918 τύπον
332 2859 359 2916 ἐν
374 2867 434 2924 τοῖς
448 2858 574 2938 ἐσχάτοις
588 2857 702 2936 γίνεται·
719 2863 800 2914 τοῦτο
815 2857 865 2936 γάρ
878 2857 910 2914 ού
924 2855 1006 2932 Βέμις
1020 2855 1063 2913 ἐπὶ
1076 2865 1128 2928 τῆς
1142 2855 1220 2921 θείας
1233 2860 1338 2938 ψυχῆς·

219 2959 251 3016 ού
272 2959 321 3038 γάρ
338 2955 438 3034 μᾶλλον
452 2957 496 3014 καὶ
511 2961 594 3029 ἧττον
610 2954 819 3031 εὐδαιμονοῦσιν
836 2958 864 3013 αί
882 2962 960 3012 θεῖαι
977 2953 1072 3035 ψυχαί·
1090 2953 1178 3017 καλῶς
1195 2953 1223 3011 δέ
1238 2951 1296 3035 ἔχει
1310 2957 1341 3012 τὸ

217 3057 278 3137 περὶ
295 3056 382 3114 αύτιῦν
398 3057 478 3135 ῥηθέν
493 3054 534 3111 δ’τι
551 3079 564 3109 ιι
582 3053 636 3112 ὅὲν
650 3058 720 3128 ἡμῖν
734 3075 811 3130 ποτε,
827 3059 907 3110 τοῦτο
926 3052 1038 3117 ἐκείνοις
1059 3051 1100 3110 ἀεὶ
1119 3076 1132 3106 ν
1152 3051 1198 3108 καί
1214 3050 1294 3108 πᾶλιν
1311 3051 1342 3108 τὸ

154 3159 186 3208 25
221 3182 234 3212 ιι
252 3156 294 3213 ἀεὶ
310 3154 337 3212 ἐν
357 3153 426 3211 τέλει
445 3155 523 3218 εἶναι,
542 3177 555 3207 ιι
577 3151 663 3212 ’Δλλά
681 3153 711 3209 τὸ
731 3152 877 3230 λεγόμενον
893 3151 1018 3210 τοιοῦτὸν
1038 3150 1103 3208 ἐστι·
1122 3148 1232 3214 πλείους
1251 3145 1343 3230 έχουσι

221 3253 346 3330 δυνάμεις
362 3255 390 3310 αί
403 3259 479 3310 Ξεῐαι
490 3252 586 3331 ψυχαί,
603 3252 649 3316 τὰς
669 3252 718 3326 μὲν
736 3252 891 3330 ὑπερτέρας,
906 3252 953 3316 τὰς
967 3247 995 3306 δέ
1012 3249 1106 3324 μέσας,
1121 3249 1168 3312 τάς
1185 3247 1214 3306 δέ
1228 3246 1343 3306 καταδε-

219 3353 336 3433 εστέρας.
356 3359 422 3416 Ταῖς
443 3353 492 3427 μέν
510 3349 555 3408 οῦν
571 3351 732 3430 πρωτίσταις
749 3355 802 3405 τῶν
819 3347 958 3425 δυνάμεων
975 3348 1015 3405 ἀεὶ
1033 3356 1093 3412 τοῖς
1111 3347 1270 3425 πρωτίστοις
1290 3353 1342 3403 τῶν

219 3457 322 3525 νοητῶν
338 3447 509 3508 έπιὸαλλουσι
527 3449 571 3506 καί
590 3455 627 3528 τῷ
645 3448 826 3528 ὑπερουρανίῳ
844 3448 931 3522 τύπῳ,
952 3454 1014 3512 ταῖς
1035 3445 1064 3504 δέ
1082 3446 1177 3521 μέσαις
1191 3453 1251 3510 τοῖς
1268 3445 1342 3510 ἐντὸς

220 3552 347 3631 ούρανοῦ,
363 3558 425 3614 ταῖς
445 3546 474 3606 δέ
494 3548 618 3628 ἐσχάταις
635 3545 701 3604 κατά
720 3547 750 3603 τὸ
768 3547 883 3627 ψυχικὸν
899 3545 1011 3622 μάλιστα
1028 3542 1142 3619 ίδίωμα·
1158 3543 1281 3602 ’ίστανται
1296 3543 1343 3601 οῦν

155 3661 187 3709 30
218 3651 312 3713 ἐαυτάς
328 3649 366 3711 ὡς
386 3648 474 3726 ψυχὰς
493 3644 589 3703 λοιπὸν
608 3650 771 3722 θεωροῦσαι·
793 3641 834 3700 διὸ
853 3644 897 3699 καί
916 3645 946 3699 τὸ
965 3641 1044 3700 δῦσα
1064 3643 1110 3706 είς
1129 3641 1164 3697 τὸ
1186 3638 1262 3698 είσω
1286 3646 1343 3698 τοῦ

219 3748 359 3828 ούρανοῦ
380 3743 494 3804 οἴκαδε
512 3743 626 3816 ἦλθεν·
647 3746 674 3800 αί
688 3743 740 3822 γὰρ
760 3742 886 3822 ἐνέργειαι
902 3741 986 3813 αὐτῆς
1000 3743 1028 3798 αί
1043 3739 1246 3820 καταδεέστεραι
1266 3739 1341 3805 έντύς

218 3867 247 3903 τε
262 3845 375 3926 ούρανοῦ
389 3841 513 3922 λέγονται
526 3843 572 3899 καί
588 3840 700 3899 οἴκαδε
715 3842 752 3905 ὡς
767 3841 865 3912 οἰκεῖα,
883 3837 974 3911 ἐπειδὴ
993 3838 1110 3915 μάλιστα
1125 3839 1162 3903 ὡς
1177 3837 1278 3895 οίκεῖαι
1292 3847 1341 3910 τῆς

219 3949 310 4023 ψυχῆς
326 3946 496 4020 θεωροῦνται
507 3941 574 3996 κατίι
588 3940 619 3996 τὸ
632 3938 747 4020 ψυχικὸν
760 3937 860 4014 ἰδίωμα
875 3937 1019 4013 ἱστάμεναι
1033 3938 1078 3993 καί
1090 3937 1185 4001 ἐαυτάς
1199 3937 1237 4000 ὡς
1253 3937 1342 4016 ψυχὰς

220 4047 383 4122 θεωροῦσαι.
406 4039 442 4095 Ἢ
461 4039 506 4094 καί
527 4035 617 4094 ἐλθεῖν
636 4035 745 4115 λέγεται
767 4037 812 4101 είς
831 4037 866 4092 τὸ
890 4033 966 4092 είσω
988 4033 1078 4105 ἐπειδὴ
1101 4031 1236 4110 ἐλλαμψίς
1254 4057 1292 4099 τις
1314 4033 1342 4090 έκ

156 4151 187 4198 35
220 4146 274 4197 τῶν
288 4139 401 4220 πρώτων
416 4135 558 4211 δυνάμεων
573 4141 633 4200 ταῖς
649 4132 784 4212 δευτέραις
798 4133 998 4214 ἐποχετεύεται.

252 4324 313 4374 ΤΙΤ
329 4325 344 4372 4
358 4325 432 4374 ποίαν
448 4324 553 4384 ὅλὸτητα
568 4325 635 4370 ποιεῖ
649 4323 662 4369 ὅ
678 4314 739 4377 Ζεύς
754 4319 774 4368 C

253 4433 299 4482 ΝΟ
319 4433 334 4484 2
352 4431 436 4488 αὐτοῖς
456 4428 483 4477 Μ
549 4426 625 4490 θὼς]
646 4431 659 4478 6
679 4427 708 4475 M
773 4425 994 4488 5δλονλὸλωςΜ
1013 4425 1165 4483 :amm
1226 4423 1343 4491 θαθτὸς]

223 4505 287 4556 αέτέι
299 4505 342 4555 καί
357 4507 393 4553 A·
455 4497 545 4564 θεοῖς]
562 4493 600 4557 οίς
617 4502 675 4548 Αθτ
737 4497 768 4547 10
783 4499 879 4562 γένεσις
900 4509 936 4546 ex
957 4495 1068 4547 emend.
1089 4500 1125 4546 A·
1143 4497 1223 4560 (γένος
1244 4496 1280 4560 8¹)

221 4580 286 4627 ἐστιν
302 4575 369 4626 Ρίαῑ.
435 4573 463 4621 13
478 4575 512 4628 ὡς
527 4570 707 4633 scrip-51:66³<
719 4569 781 4618 libri
845 4571 1010 4636 &amem
1073 4565 1187 4632 εί]ἂΑΙ
1253 4567 1343 4635 1666-

220 4646 307 4712 κὲσθη]
318 4645 428 4714 ἐχρήσθη
441 4645 468 4694 Μ
534 4641 562 4690 15
578 4635 725 4708 ἀρκούσαις]
739 4635 860 4697 ἀκούσαις
876 4639 924 4688 M:
942 4635 1063 4704 ἀγούσαις
1078 4642 1136 4687 Λστ
1199 4637 1242 4702 τὴν
1258 4637 1344 4690 εύὸαι-

223 4719 352 4784 μονίανΜ
416 4717 458 4766 καί
470 4712 549 4782 τῷΜ
613 4711 755 4762 mmm
819 4710 909 4769 ἳθτάς
920 4710 945 4761 δέ
957 4713 1033 4773 μέσας
1048 4709 1146 4759 om.M
1212 4709 1340 4777 δθψυχάς

222 4790 316 4854 scripsi
332 4803 338 4839 ι
356 4789 436 4858 ψυχαί
448 4785 511 4834 libri
524 4783 558 4834 ct.
573 4783 602 4832 ³³
667 4785 697 4836 32
713 4780 804 4848 οἰκεία]
818 4783 908 4833 οίαεῖσι
926 4783 952 4831 Μ
