3604 5690
448 582 496 636 220
836 573 977 625 mmor
995 573 1192 626 ΦΙΛΟΣΟΦΟΥ

350 730 416 798 [181]
447 726 511 788 θοῦς
531 724 674 804 ῥητορικῆς
692 723 759 804 πρὸς
776 725 826 794 τήν
841 720 970 798 δημώδη,
985 723 1030 780 καί
1046 722 1087 780 δτι
1101 725 1116 780 δ
1132 723 1181 797 μὲν
1196 723 1278 798 σῴζει
1291 723 1338 780 τὸν
1351 723 1420 799 αὐτῇ
1435 723 1569 799 δπθμενον

448 823 463 878 δ
479 819 507 879 δὲ
521 821 660 901 ἀνατρέπει
673 822 709 886 είς
725 821 804 900 μυρία
817 822 887 878 κακά
901 817 1061 897 ίμθάλλων.
1079 823 1128 878 Καὶ
1143 816 1278 896 λαμθάνει
1291 820 1375 878 ίππον
1386 823 1432 878 καὶ
1448 821 1508 880 θνον
1521 823 1568 880 καί

448 943 539 1002 ρηαιν·
561 919 594 978 εί
608 941 641 976 οε
661 919 771 978 πείθοι
778 941 814 994 με
831 920 891 999 περί
911 917 973 976 δνοο
993 920 1031 983 ὡς
1046 919 1130 976 ’ίππου
1150 917 1355 997 διαλεγόμενος,
1372 919 1414 976 θ’τι
1433 919 1487 976 ἐστὶ
1502 923 1570 999 ζῷον

448 1023 463 1076 δ
478 1019 505 1076 ἓν
522 1024 580 1082 τοῖς
595 1018 731 1094 πολέμοις
747 1017 923 1098 ἰσχυρότατον
936 1018 981 1074 καὶ
998 1017 1077 1090 νίκης
1092 1014 1180 1074 αίτιον
1194 1018 1294 1096 γίνεται
1307 1019 1353 1075 καὶ
1368 1017 1396 1074 ἐν
1411 1020 1504 1096 εἰρήνη
1522 1025 1570 1075 τοῦ

402 1125 416 1173 5
448 1118 622 1198 ἀχθορορείν,
636 1117 766 1198 τύχοιμεν
780 1113 809 1172 δὲ
824 1115 971 1196 ἀμφότεροι
984 1116 1142 1194 ἀγνοοῦντες
1152 1115 1245 1187 ίππον,
1261 1117 1307 1172 καί
1317 1117 1440 1192 πείθοιμί
1455 1139 1483 1174 οε
1495 1113 1572 1182 80&-

451 1218 504 1284 ζειν
520 1214 562 1271 ἐπί
576 1219 624 1271 τοῦ
639 1211 702 1272 δνου
717 1214 749 1270 τὰ
764 1201 811 1271 τάῶ
826 1212 922 1283 ίπποο,
938 1213 965 1270 τί
982 1212 1035 1271 οίει
1052 1209 1208 1287 αομθαίνειν
1221 1213 1251 1270 ἐκ
1264 1214 1375 1283 το·ίτοο;
1393 1214 1411 1284 ἢ
1428 1212 1514 1286 δῆλον
1529 1216 1572 1272 θ’τι

449 1313 639 1392 ἀνατρέπεσθαι
653 1314 702 1383 την
717 1312 793 1392 ρίοιν
807 1317 860 1368 τῶν
873 1313 1053 1391 πραγμάτων.

491 1465 559 1546 ρκζ’.
583 1465 722 1524 Τοαδνδε
746 1465 872 1548 μέντοι]
895 1467 954 1526 260
976 1467 1012 1527 Β.

354 1621 436 1688 p.182
490 1608 550 1667 Ἐἀν
564 1609 614 1688 γάρ
627 1609 715 1685 πάντη
730 1610 922 1688 ἀγνοοῑμεν,
939 1609 970 1668 οὐ
986 1606 1130 1685 μίλλομεν
1145 1611 1206 1688 περί
1220 1610 1301 1667 αὐτοῦ
1315 1609 1496 1689 διαίλίγεοθαι
1511 1609 1572 1668 οὐδὲ

388 1713 419 1763 10
449 1707 551 1766 πείθειν
564 1708 610 1764 τὸν
624 1705 768 1771 παντελῶς
785 1706 869 1782 μηδὲν
886 1705 989 1768 είδότα.

491 1861 563 1942 ρκη’.
586 1861 725 1920 Γελοῖόν
745 1861 817 1941 (γ’
839 1861 887 1940 ἀν]
911 1863 970 1921 260
992 1861 1028 1925 Β.

492 2011 683 2084 Γελοῖον,>
704 2013 780 2093 ρηοί,
804 2013 835 2069 τὸ
857 2015 978 2089 σκέμμα,
1000 2015 1044 2070 καί
1066 2015 1132 2086 αὕτη
1155 2018 1173 2086 ἡ
1194 2015 1280 2072 πἐιθῶ
1301 2015 1519 2094 παγγελοίον,
1542 2015 1572 2072 τὸ

452 2110 538 2174 οὕτως
555 2105 674 2177 δοξάζειν
689 2113 750 2190 περί
764 2116 811 2167 τοῦ
827 2109 889 2169 ὄνου
904 2112 943 2176 ῶς
957 2111 1054 2172 ίππου.

493 2263 559 2344 ρκθ.
585 2263 653 2342 'Ap'
674 2263 741 2341 οὖν]
764 2265 823 2323 260
846 2263 882 2324 C.

391 2417 419 2465 15
492 2403 655 2481 Διαιρετικὸν
675 2400 785 2458 διπλοῦν
805 2403 981 2482 προήνεγκεν·
1003 2401 1073 2480 ἀρα,
1092 2403 1183 2482 ρηοίν,
1205 2402 1240 2458 οθ
1260 2407 1413 2481 κρεῖττον
1438 2399 1586 2480 γελοῖον,
1652 2437 1672 2472 ³.

451 2501 504 2557 καὶ
522 2499 621 2582 ρίλον
637 2500 655 2571 ἢ
671 2497 777 2556 δεινδν
794 2501 846 2556 καί
865 2499 996 2580 ίχθρθν;
1014 2500 1191 2579 αἱρετώτερον
1203 2501 1255 2579 γάρ
1267 2501 1296 2556 τὸ
1309 2499 1420 2577 γελοῖον
1434 2501 1480 2556 καί
1494 2497 1575 2580 ρίλον

451 2599 481 2654 τὸ
503 2597 546 2654 ἐπί
565 2604 612 2654 τοῦ
635 2597 697 2654 δνοο
718 2599 756 2662 ὡς
775 2597 871 2656 ίππου.
896 2631 934 2641 -
954 2597 989 2653 Τὸ
1012 2595 1040 2654 δὲ
1061 2595 1173 2655 δεινὸν
1193 2599 1246 2654 καί
1269 2589 1383 2678 ἐχθρὸν
1406 2599 1436 2654 τὸ
1459 2598 1575 2654 ἐπὶτῶν

453 2695 565 2754 δικαίων
584 2698 629 2753 καί
648 2696 753 2773 ἀγαθῶν
772 2697 810 2761 ῶς
830 2694 932 2752 ἀδίκων
951 2697 995 2752 καί
1013 2696 1113 2753 κάκων·
1134 2696 1269 2776 ἀνατροπὴ
1285 2697 1334 2776 γάρ
1354 2701 1401 2752 τοῦ
1419 2696 1479 2774 βίου
1494 2695 1573 2768 ἐστίν,

453 2795 517 2851 ὅταν
536 2795 568 2850 τά
586 2793 657 2850 καλά
677 2794 747 2850 κακὰ
766 2793 924 2869 νομίζωμεν
943 2794 987 2850 καί
1008 2793 1050 2850 ἐπί
1073 2783 1121 2868 μἐν
1139 2800 1187 2851 τοῦ
1206 2792 1268 2850 δ’νου
1284 2793 1397 2869 οὐδεμία
1411 2794 1464 2852 ἐστί
1482 2791 1573 2872 βλάθη

390 2903 422 2953 20
453 2893 516 2949 θταν
535 2893 582 2948 τὸν
602 2890 663 2948 δ’ναν
684 2891 768 2948 ’ίππον
788 2891 953 2967 νομίζωμεν,
970 2891 1034 2948 δ’ταν
1051 2890 1079 2948 δὶ
1098 2894 1132 2949 τά
1146 2891 1222 2950 ἀδικα
1238 2889 1328 2950 δίκαια
1342 2894 1513 2968 νομίζωμεν,
1530 2894 1575 2950 καί

454 2987 531 3068 λόγῳ
544 2989 591 3045 καὶ
606 2986 677 3068 ἔργῳ
693 2984 781 3066 βλάὅη
797 2988 929 3066 ἐγγίνεται
944 2992 1023 3062 ἡμῖν.

494 3143 548 3222 ρλ’.
571 3139 676 3222 Ὄνου]
699 3143 758 3201 260
780 3141 817 3200 C.

493 3280 527 3336 Τὸ
543 3277 619 3335 δνοο
635 3285 727 3343 ακιάς
743 3279 796 3335 ἀπὸ
809 3280 959 3358 παροιμίας
976 3279 1081 3358 ἐρρέθη·
1098 3277 1181 3338 πλέον
1196 3277 1224 3337 δὶ
1239 3277 1373 3351 ἀπίοτηοε
1387 3286 1441 3337 τῶν
1454 3279 1576 3360 ῥητόρων

454 3380 503 3449 τὴν
515 3381 613 3457 γνῶσιν
627 3381 679 3433 τῶν
691 3373 803 3433 δικαίων
815 3378 861 3432 καί
875 3375 976 3434 ἀδίκων
990 3377 1008 3448 ἢ
1020 3378 1069 3448 τὴν
1083 3378 1158 3434 οκιάν
1173 3383 1220 3435 τοῦ
1234 3376 1307 3434 δναο·
1322 3377 1381 3435 εἶπε
1393 3377 1444 3457 γὰρ
1456 3380 1577 3458 περὶτῆς

346 3549 351 3557 Ι
392 3501 422 3550 25
455 3481 548 3538 οκιάς
565 3481 613 3531 τοῦ
629 3472 692 3531 ’όνου
711 3474 765 3555 οὐχ
777 3475 815 3538 ὡς
832 3471 895 3531 ’ἀνοο
914 3481 989 3539 σκιᾶς
1009 3476 1066 3532 τὸν
1085 3473 1222 3532 ἔπαινον
1239 3476 1439 3550 ποιούμενος
1457 3473 1521 3533 ἀλλ’
1536 3476 1578 3540 ὡς

453 3573 566 3630 ίππου·
589 3574 607 3642 ἡ
630 3569 659 3628 δὶ
680 3572 740 3629 σκιά
761 3577 809 3628 τοῦ
827 3571 913 3630 ’ίπποο
935 3569 1010 3653 [τῆς]
1031 3578 1079 3630 τοῦ
1101 3571 1212 3646 ἀληθῶς
1236 3571 1297 3630 ’όνου
1320 3571 1392 3630 πολὺ
1415 3573 1575 3655 ἀρέατηκεν·

456 3671 531 3727 δταν
546 3669 614 3742 οὗν,
627 3672 718 3751 ρηοὶν,
735 3671 750 3726 θ
766 3670 944 3750 ῥητορικὸς
957 3671 1041 3748 πείθη
1060 3671 1091 3728 οὐ
1107 3673 1183 3751 περί
1200 3669 1276 3728 θναυ
1291 3671 1379 3730 ἀλλά
1392 3672 1466 3750 περὶ
1481 3670 1579 3728 ἀδίκων

454 3769 500 3826 καί
513 3773 604 3824 κακῶν
621 3767 660 3831 ὡς
678 3765 790 3824 δικαίων
805 3769 852 3824 καί
869 3767 987 3846 ἀγαθῶν,
1004 3775 1100 3826 ποῖον
1118 3766 1154 3826 ἀν
1171 3791 1242 3826 τινα
1260 3767 1324 3826 οίει
1343 3770 1469 3849 καρπὸν
1488 3769 1579 3849 θερί-

457 3868 536 3934 ζειν·
558 3866 604 3922 καὶ
626 3871 705 3922 τοῦτο
725 3863 753 3921 δὲ
774 3865 826 3922 ἀπὸ
848 3864 996 3944 παροιμίας
1019 3863 1123 3946 είρηται
1145 3867 1186 3924 δτι
1209 3891 1224 3922 «
1246 3869 1260 3924 ὁ
1281 3868 1351 3924 κακά
1371 3867 1485 3948 σπείρων
1509 3868 1580 3924 κακά

487 4095 518 4147 23
534 4096 569 4148 οί.
585 4094 670 4147 sohol.
685 4093 732 4145 260
746 4093 780 4156 C;
800 4093 905 4144 Ζεινοε.
917 4091 956 4144 v1
970 4093 1014 4152 2&
1031 4093 1150 4144 Οιοαειν.
1166 4093 1217 4143 Vll
1235 4095 1263 4151 1;
1284 4097 1425 4145 Αεοετοε.
1440 4093 1518 4144 xvn
1533 4093 1580 4154 69;

457 4167 595 4228 Ηιτειοιι.;
612 4166 709 4227 8οιο.;
726 4163 812 4216 schol.
829 4163 971 4228 Aristoph.
989 4164 1064 4229 vesp.
1083 4163 1142 4223 191;
1158 4165 1226 4215 alios
1290 4165 1322 4215 28
1337 4166 1373 4218 οί.
1392 4165 1478 4216 schol.
1493 4165 1540 4215 260
1558 4165 1580 4214 C

456 4247 483 4290 οι
500 4250 596 4290 vorsus
607 4238 646 4288 ibi
660 4236 783 4288 laudatos

487 4362 535 4412 Nc
550 4362 566 4414 8
581 4365 693 4421 τοσόνδε,
707 4380 736 4413 το
753 4361 827 4412 rubr.
842 4366 868 4412 Α
929 4358 961 4412 10
976 4362 1076 4425 πείθειν]
1088 4364 1150 4429 πρὸς
1165 4366 1202 4413 Α·
1266 4362 1294 4411 11
1312 4365 1419 4428 γελοῖον,
1436 4362 1537 4426 γειιθε.
1554 4365 1580 4412 Α

519 4433 596 4482 11-12
613 4435 634 4498 γ’
651 4431 689 4484 ει·
708 4436 805 4498 γίνεται
826 4431 954 4496 supplevi
1018 4432 1169 4483 ιιεεεειε
1187 4435 1287 4496 mm
1308 4445 1363 4483 om.
1382 4434 1418 4480 ει
1484 4428 1580 4498 1459’.

457 4501 472 4556 ἀ
487 4504 562 4555 rubr.
577 4507 602 4554 A
665 4504 696 4554 16
709 4507 752 4554 καί
765 4502 844 4569 φίλον]
860 4503 875 4568 ἣ
891 4507 961 4570 φίλον
980 4503 1048 4555 Plat.
1062 4503 1142 4554 codd.
1208 4507 1287 4556 δεινόν
1301 4521 1327 4555 τε
1344 4503 1414 4554 Plat.
1427 4509 1464 4564 [et
1478 4505 1516 4566 17)

458 4576 547 4644 ἑχθρδν
562 4571 626 4626 εἶναι
644 4575 714 4625 plat,
779 4574 810 4624 20
825 4578 963 4639 νομίζωμεν
981 4577 1052 4638 (post
1067 4573 1165 4640 ίππονί]
1179 4579 1321 4639 νομίζοιμεν
1340 4579 1377 4625 Α·
1440 4579 1580 4639 νομίζωμεν

459 4650 530 4710 (post
551 4645 657 4710 δίκαια)]
682 4649 823 4710 νομίζοιμεν
847 4647 871 4693 Α
894 4657 900 4694 :
925 4648 1057 4709 νομίζομεν
1080 4645 1102 4696 Ε
1165 4645 1196 4696 22
1217 4645 1277 4698 ὄνοι)
1300 4645 1376 4696 rubr.
1399 4649 1422 4697 A
1486 4645 1517 4695 26
1536 4653 1581 4709 τῆς

460 4716 560 4767 seclusi
620 4715 653 4773 28
669 4716 700 4768 ἂν
714 4715 830 4788 εοτίμιείιι
847 4715 895 4784 γὰρ
909 4715 970 4786 libri
