3538 5686
393 501 409 536 x
831 482 1074 535 photnooumtl

395 657 462 732 asp
477 651 632 732 ppophup
647 651 857 732 proficisceris
879 653 917 711 ad
932 651 1112 711 alterutrum
1128 650 1295 722 Non-Em,
1313 654 1416 714 statim
1432 655 1513 715 scies

394 760 432 818 ad
447 772 549 818 utrum
563 759 730 818 contendas
747 759 772 816 si
789 759 820 818 iu
834 757 1066 838 progrediendo
1087 759 1117 816 τὸ
1141 759 1316 832 αὐτοκίνητον
1335 762 1511 841 repereris:

396 866 500 926 itidem
514 886 582 926 cum
603 867 633 923 τὸ
648 867 773 940 ἀκίνητον
794 866 911 926 idcirco
931 887 992 925 non
1009 867 1125 927 moveri
1145 869 1249 946 possit
1267 870 1352 947 quod
1370 869 1513 928 omnibus

397 996 463 1054 quae
479 987 641 1034 moventur
655 991 706 1036 aut
726 975 870 1055 superius
898 975 938 1034 sit
965 989 1016 1034 aut
1043 975 1183 1047 inferius,
1214 975 1346 1056 ideoque
1364 979 1425 1037 duo
1452 977 1512 1036 sint

396 1083 518 1158 ἀκίνητα,
535 1102 592 1140 nos
608 1082 661 1162 qui
677 1101 801 1163 semper
814 1102 831 1140 a
844 1087 881 1162 τῷ
896 1083 1075 1162 ἕτεροκινήτῳ
1090 1083 1327 1161 proficiscimur,
1345 1083 1432 1142 facile
1452 1082 1513 1142 sci-

399 1212 468 1251 mus
489 1205 590 1250 utrum
611 1191 701 1250 nobis
722 1191 763 1250 sit
780 1191 988 1270 propositum.
1006 1190 1096 1266 Quod
1112 1213 1148 1252 ex
1163 1191 1220 1250 hoc
1238 1191 1391 1253 schemate
1408 1191 1516 1251 melius

398 1299 536 1380 intellegi
554 1300 691 1380 poterit:

466 1432 487 1667 1
504 1432 637 1496 'Autumni
648 1454 679 1474 =
692 1431 726 1496 μὴ
739 1432 767 1484 ὃν
782 1429 933 1500 harpa-imos
950 1433 1011 1496 [lina
1022 1457 1052 1476 =
1062 1435 1183 1484 Non-Eue
1196 1436 1334 1484 ubundnns
1344 1457 1375 1478 =
1385 1433 1463 1500 Deus)

500 1529 669 1594 Αὑτοκίνητον
686 1531 793 1594 (anima,
809 1547 889 1580 canan
905 1531 956 1594 sni)

505 1658 693 1726 Ἐτιροκίνητον
709 1677 738 1700 =
753 1660 899 1724 γιγνόμενον
915 1655 1106 1720 (phaenomena,
1123 1655 1242 1720 mobilia)

467 1707 489 1933 Ι
502 1773 616 1822 Medium
632 1773 742 1837 aliquid,
758 1774 789 1821 dc
804 1790 856 1839 quo
871 1789 922 1822 non
937 1773 1054 1838 loquitur
1069 1772 1191 1822 llermius

507 1873 639 1936 Ἀκίνητον
651 1893 683 1914 =-·
698 1871 731 1937 μὴ
746 1872 774 1924 ὅν
791 1871 924 1936 (Non-llus
942 1871 1065 1920 deliniens
1079 1893 1109 1913 =
1125 1871 1245 1934 muteris)

443 1993 489 2052 De
504 2013 566 2073 quo
581 1992 705 2073 lougius
720 1994 856 2053 disserui
867 2006 901 2052 ut
915 1993 1055 2073 exemplo
1071 1995 1266 2052 ostenderem
1283 1992 1439 2051 Hermiam
1460 2010 1522 2050 non

403 2101 444 2159 ita
458 2102 714 2161 contemnendum
730 2120 810 2174 esse,
827 2101 852 2160 si
868 2100 938 2180 quis
954 2105 1105 2180 usquead
1128 2101 1267 2188 quintum
1288 2099 1431 2160 saeenlum
1451 2098 1524 2158 velit

404 2207 555 2266 fortunam
570 2207 658 2286 sequi
680 2228 770 2288 quam
786 2208 925 2268 Platonis
936 2207 1133 2290 philosophia
1149 2222 1236 2268 nacta
1253 2220 1310 2268 est.
1330 2204 1418 2266 Adde
1440 2205 1524 2286 quod

405 2313 505 2372 multae
520 2314 750 2394 explanationes
770 2315 801 2374 in
826 2328 934 2374 nostro
949 2317 1168 2375 commentario
1192 2315 1290 2396 plenae
1302 2327 1374 2374 sunt
1395 2313 1522 2392 ingenio

405 2423 594 2498 acutissimo,
609 2424 762 2482 nonnullae
777 2424 950 2484 historiolis
964 2445 1041 2505 quas
1056 2424 1131 2485 alias
1147 2426 1386 2503 frustraquaeras
1398 2432 1523 2480 ornatae.

406 2528 548 2608 Denique
561 2529 661 2610 ipsius
676 2531 945 2611 interpretisopus
957 2531 1105 2591 habemus
1115 2531 1189 2610 (non
1205 2544 1237 2591 ut
1252 2531 1283 2589 in
1300 2529 1525 2610 Olympiodoro

406 2636 495 2714 pueri
510 2634 668 2714 cujusdam
682 2638 774 2696 rudes
788 2637 1020 2718 indigestasque
1034 2633 1151 2718 πράξεις)
1168 2636 1255 2718 cujus
1281 2637 1403 2696 dicendi
1427 2655 1526 2716 genus

408 2743 466 2800 etsi
494 2743 756 2822 copiosissimum,
783 2745 858 2805 satis
886 2765 999 2825 purum
1023 2758 1123 2804 tamen
1146 2758 1193 2804 est
1221 2764 1321 2824 neque
1352 2743 1524 2802 molestum.

408 2847 549 2908 Audeant
564 2851 659 2930 igitur
671 2852 848 2931 philosophi
867 2835 1039 2912 accuratius
1056 2852 1211 2911 Hermium
1225 2851 1340 2931 legere.

689 3117 707 3200 ᾗ
736 3121 764 3178 2.
785 3154 823 3163 —
838 3119 886 3178 Du
903 3117 1041 3178 lluunm:
1062 3118 1236 3178 Coutcmus

453 3328 571 3386 Scholia
601 3331 732 3385 Hermiae
756 3328 929 3404 philosophi
960 3331 990 3385 in
1019 3330 1154 3385 Platonis
1188 3326 1358 3396 Phoedrum,
1390 3337 1423 3382 ut
1446 3321 1532 3380 aiunt

411 3432 541 3505 librarii,
560 3433 590 3491 iu
609 3433 712 3491 multis
728 3433 888 3492 codicibus
908 3433 1116 3504 continentur,
1133 3431 1186 3511 qui
1206 3451 1286 3490 nunc
1314 3442 1384 3489 sunt
1409 3447 1531 3487 enume·
1603 3495 1607 3500 ¹

413 3541 512 3611 randi,
532 3553 565 3599 ut
587 3541 648 3600 haec
678 3541 783 3621 opinio
812 3543 1020 3614 confirmetur,
1037 3541 1100 3620 jam
1127 3561 1144 3599 a
1169 3539 1328 3599 Jonouuo
1355 3538 1387 3596 iu
1415 3542 1534 3595 Herum

413 3647 474 3706 vol.
490 3646 571 3721 XlV,
584 3668 615 3727 p.
633 3648 703 3724 262,
723 3649 886 3722 declarata,
905 3668 1082 3728 quaomnes
1098 3649 1135 3706 ad
1149 3666 1242 3706 uuum
1258 3648 1430 3704 Parisinum
1443 3643 1531 3714 1810,

416 3751 467 3832 (A)
477 3754 587 3812 referri
601 3755 713 3813 debere
729 3756 908 3814 creduntur.

456 3913 490 3974 ln
514 3915 704 3976 Bibliotheca
727 3916 879 3976 Nationali
902 3919 1068 3976 Parisiensi
1094 3937 1148 3976 sex
1175 3915 1308 3974 llermiae
1336 3912 1459 3971 codices
1487 3910 1536 3968 in-

415 4022 582 4081 veniuntur
596 4047 602 4080 :

459 4157 490 4212 1⁰
503 4160 576 4215 Par.
597 4155 732 4235 18101A)
744 4157 841 4220 chart.
854 4158 925 4216 in-t’
935 4156 1002 4216 x1u¹
1018 4155 1121 4216 saeculi
1135 4155 1286 4226 exeuntis,
1297 4152 1368 4211 olim
1379 4147 1537 4209 Francisci

418 4260 558 4336 Asulaui,
573 4275 656 4322 totus
667 4265 771 4322 cadem
780 4265 1038 4344 manuscriptus,
1052 4263 1083 4321 in
1094 4283 1156 4342 quo
1165 4261 1363 4320 continentur
1375 4256 1537 4315 Putrouts

451 4447 472 4494 l.
487 4447 608 4512 Exceptis
623 4455 710 4498 tamen
724 4452 872 4513 fragmento
888 4449 1074 4498 mathematico
1085 4455 1110 4496 ct
1122 4445 1238 4511 epistula
1260 4441 1436 4510 pythagorica
1450 4456 1456 4498 3
1471 4453 1531 4486 flam

419 4515 485 4564 illud
503 4518 599 4567 litteris
617 4520 772 4568 minusculis
792 4521 928 4585 scriptum,
949 4521 1004 4567 hmo
1024 4535 1082 4568 cum
1102 4519 1199 4566 littoris
1218 4525 1273 4566 tum
1293 4515 1320 4562 in
1343 4513 1434 4560 charla
1454 4509 1539 4559 aelssllS

420 4587 501 4650 pnulo
518 4591 680 4651 recentioris,
696 4592 775 4640 untho
790 4592 860 4640 circu
875 4593 952 4640 lle
967 4592 1104 4640 succulum.
1124 4590 1186 4638 Vide
1204 4585 1378 4652 appendicem
1394 4582 1428 4630 ad
1441 4581 1540 4629 esslfflm

421 4658 516 4706 horum
528 4661 786 4726 prolegcmcuornm.
