3600 5734
450 621 507 676 Ειε
528 623 589 675 τοι·
612 621 787 676 numos
808 621 950 675 σειιιοιν
974 613 1095 676 >Imm
1289 617 1334 684 νει

114 785 182 851 [149]
216 780 317 858 δυνηθῇ
335 785 390 838 τῶν
409 786 528 852 νοητῶν,
551 775 701 849 ἀθλαδής
720 781 795 855 μίνει
812 786 900 838 πῖισαν
918 778 1027 851 ἐκείνην
1044 773 1095 849 τήν
1115 770 1252 860 περίοδον,
1272 800 1335 836 του·
1388 787 1389 812 ²

214 881 300 940 τέστιν
316 879 348 936 οὐ
368 879 458 938 πίπτει
476 879 513 944 είς
531 877 642 957 γένεσιν·
659 883 739 936 τοῦτο
754 877 806 958 γάρ
821 877 876 937 έστι
889 879 920 936 τὸ
935 881 1124 953 πημανθῆναι,
1140 878 1171 935 τό
1188 877 1225 942 είς
1237 876 1336 955 γένεσιν
1349 913 1352 922 ,

214 985 318 1038 πεσεῖν.
335 975 403 1058 Ὅρα
421 975 450 1036 δέ
468 981 528 1042 πῶς
547 973 665 1056 ἀκριθῶς
684 978 730 1034 καί
750 975 873 1048 ένταῶθα,
894 978 932 1041 ῶς
949 978 994 1034 καίΙ
1014 976 1040 1033 έν
1059 981 1117 1040 τοῖς
1132 975 1271 1055 ἀνωτέρω,
1287 978 1336 1047 τήν

216 1075 342 1159 διαφοράν
363 1079 432 1152 ήμῖν
450 1081 505 1132 τῶν
522 1097 554 1132 τε
573 1077 656 1133 σείων
672 1077 718 1132 καί
736 1075 912 1154 ἀνθρωπικῶν
929 1077 1026 1156 ψυχῶν
1044 1072 1214 1154 παρίστησιν·
1236 1073 1268 1130 οὐ
1286 1073 1337 1153 γάρ
1426 1094 1433 1108 ·

168 1177 184 1226 5
217 1175 313 1238 ἁπλῶς
333 1174 413 1235 εἶπεν,
423 1197 438 1229 ιι
454 1173 500 1231 έάν
518 1173 640 1251 κατίδῃ
660 1196 691 1231 τι
709 1171 842 1254 (τουτέστι
862 1174 973 1254 μιρικδν
990 1173 1035 1230 καὶ
1053 1171 1168 1252 ἄτομον)
1186 1171 1231 1230 έάν
1250 1193 1276 1228 τι
1290 1170 1338 1228 οὖν

218 1272 244 1329 έν
258 1277 291 1348 τῇ
306 1273 379 1353 ἀρχῇ
393 1279 442 1344 τῆς
455 1271 581 1353 περιόδου
594 1271 726 1350 κατίδῃ,
744 1267 893 1344 ἀθλαθής
907 1269 971 1352 ἀχρι
985 1279 1039 1344 τῆς
1055 1271 1167 1350 έτέρας
1181 1269 1338 1350 περιόδου

219 1370 303 1444 μένει·
326 1393 342 1424 υ
369 1370 456 1450 όγάρ
479 1371 606 1445 θεσμὸς
629 1377 680 1442 τῆς
704 1367 913 1450 ’Δδραατείας
935 1370 983 1433 τάς
1008 1367 1140 1448 προόδους
1163 1368 1271 1425 πάντων
1294 1367 1339 1424 καὶ

217 1472 291 1525 θεῶν
310 1468 355 1524 καί
374 1471 472 1549 ψυχῶν
491 1463 747 1548 προκαταλαμόάνει
764 1469 810 1525 καὶ
828 1469 859 1525 τὸ
878 1475 1017 1548 προσῆκον
1038 1467 1142 1541 ἑκάστῳ
1164 1464 1338 1524 ἀποδίδωσιν·

218 1565 263 1624 έάν
283 1566 331 1624 οὖν
351 1568 397 1624 καί
416 1567 448 1624 τδ
466 1569 551 1650 τυχὸν
569 1565 679 1646 κατίδη,
700 1566 859 1642 τηλικοῦτον
877 1567 958 1646 γέρας
981 1567 1146 1642 ἀπονέμεται
1168 1565 1247 1642 αὐτῇ,
1260 1565 1341 1652 ιῶσεε

155 1669 187 1718 10
219 1664 288 1738 όλην
307 1668 357 1738 τήν
375 1663 501 1746 περίοδον
520 1665 576 1723 ἀνω
596 1667 687 1742 μένειν
705 1667 751 1723 καί
770 1663 984 1746 συμπεριπολεῖν
1003 1671 1060 1730 τοῖς
1077 1670 1163 1730 θεοῖς·
1180 1663 1273 1746 ἀνέχει
1291 1665 1342 1743 γάρ

219 1763 303 1836 αὐτὴν
320 1765 366 1822 καί
384 1768 402 1836 ή
418 1765 550 1836 οἰκειότης
570 1763 655 1837 αὐτῆς
673 1765 692 1836 ή
711 1764 780 1844 πρὸς
794 1764 845 1834 τὴν
859 1762 995 1844 περίοδον·
1018 1763 1109 1842 ῶσπερ
1124 1764 1169 1819 καὶ
1182 1761 1296 1820 ἐνταῦθα
1308 1762 1343 1818 τά

220 1861 269 1938 μέν
290 1862 354 1937 μίαν
372 1861 498 1943 περίοδον
515 1861 634 1934 ἡλιακὴν
655 1863 700 1938 ζῇ,
716 1863 749 1919 τά
768 1859 797 1918 δέ
817 1859 876 1935 δύο,
897 1860 970 1919 ἀλλα
990 1859 1018 1918 δέ
1036 1881 1096 1918 τινα
1111 1861 1228 1940 ήμέραν,
1250 1857 1293 1916 διά
1311 1859 1342 1915 τὸ

219 1966 254 2038 τῇ
275 1958 365 2034 τοιᾷδε
386 1960 462 2020 θέσει
481 1966 537 2018 τῶν
558 1959 661 2042 ἀστρων
683 1959 844 2035 ᾠκειῶσθαι.
868 1959 918 2017 Καὶ
939 1957 1066 2034 δαίμονες
1088 1957 1117 2016 δέ
1137 1981 1205 2023 τινες
1226 1957 1342 2039 ἀνοχαῖς

221 2058 374 2140 συνέχουσιν
389 2059 473 2131 αὐτήν
491 2061 530 2134 μὴ
548 2064 638 2117 πεσεῖν
658 2058 696 2124 εἷς
711 2058 825 2138 γένεσιν·
842 2058 933 2138 ῶσπερ
951 2056 984 2130 δή
1001 2059 1110 2138 ὁρῶμεν
1124 2059 1169 2115 καὶ
1183 2056 1296 2114 ένταῦθα
1311 2056 1359 2112 τέ’

156 2159 188 2212 15
220 2157 313 2221 καλῶς
333 2156 417 2237 φάντα
436 2157 562 2232 σώματα,
582 2157 632 2214 κάν
651 2163 742 2222 κακῶς
761 2155 898 2233 διαιτηθή,
918 2156 996 2231 ίίμως
1012 2156 1115 2235 ὑγιεινά
1129 2153 1288 2230 διαμένοντα
1303 2151 1346 2210 διά

221 2257 271 2327 τήν
286 2252 313 2322 έξ
329 2255 417 2336 ἀρχῆς
432 2255 521 2337 ρόσιν·
538 2255 584 2312 καί
598 2255 696 2336 μιαράς
710 2277 782 2319 τινες
797 2251 907 2336 πράξεις
924 2253 1145 2335 ἐπιχειρήσαντες
1164 2260 1275 2324 ποιήσαι
1294 2250 1345 2309 ὑπό

221 2374 302 2411 τινων
321 2353 430 2432 ἀγαθῶν
451 2351 587 2429 δαιμόνων
606 2353 781 2427 έκωλῶθησαν
801 2353 884 2417 αθτάς
904 2352 1067 2412 έπιτελέσαι·
1090 2353 1176 2416 οὕτως
1196 2349 1245 2409 οὗν
1263 2351 1344 2420 καὶή

221 2453 296 2532 ψυχή
307 2455 325 2523 ή
337 2448 406 2520 ἀπαξ
423 2453 581 2529 θεασαμένη
592 2476 618 2510 τι
632 2457 688 2510 τῶν
703 2458 810 2526 νοητῶν
823 2453 967 2530 βοηθεῖται
981 2450 1027 2510 καὶ
1039 2449 1164 2534 ἀνέχεται
1178 2449 1229 2507 ὑπὸ
1239 2449 1346 2528 ἀγαθῶν

222 2547 359 2625 δαιμόνων
374 2549 419 2607 καί.
434 2550 544 2630 ἡρώων,
561 2551 632 2608 ῶστι
649 2550 688 2626 μή
703 2555 798 2608 πεσεῖν
813 2550 849 2616 είς
860 2549 965 2629 γένεσιν
977 2547 1004 2607 έν
1022 2547 1113 2626 ἐκείνη
1131 2553 1166 2626 τῇ
1181 2544 1309 2628 περιόδῳ.
1395 2559 1397 2564 “

157 2713 191 2763 θθ
265 2700 324 2782 μήδ’.
349 2700 446 2762 Ὅταν
467 2701 500 2762 δέ
521 2681 753 2778 ἀδυνατήσασοι
775 2701 970 2764 ἐπισπέσθαι
993 2704 1036 2779 μή
1060 2701 1125 2782 ίδη]
1148 2703 1208 2762 248
1229 2701 1265 2762 C.

266 2841 360 2900 Πολλά
375 2839 447 2900 αῖτια
462 2842 609 2924 καταλέγει
620 2852 671 2918 τῆς
688 2845 731 2902 ίπί
744 2847 794 2918 τήν
808 2845 911 2925 γένεσιν
926 2835 1010 2917 αότῆς
1024 2851 1120 2926 φορᾶς·
1135 2845 1186 2916 τήν
1201 2842 1349 2918 ἀδυναμίαν

226 2937 317 3013 αότῆς,
337 2940 369 2998 τδ
390 2943 429 3016 μή
449 2939 597 3014 δυνηθῆναι
616 2943 643 3000 έν
662 2944 735 3024 ἀρχῇ
754 2953 806 3016 τῆς
823 2942 953 3025 περιόδου
971 2941 1091 3001 κατιδεῖν
1108 2965 1135 2999 τι
1153 2947 1209 3000 τῶν
1228 2947 1346 3015 νοητῶν.

226 3045 337 3120 Πρῶτον
355 3039 402 3096 οὖν
415 3041 433 3112 ή
448 3038 585 3116 ἀδυναμία
599 3048 647 3098 τοῦ
667 3043 824 3101 συνέπεσθαι
837 3049 894 3108 τοῖς
913 3039 1027 3107 όπαδοῖς
1044 3047 1100 3099 τῶν
1121 3047 1206 3100 θεῶν·
1226 3040 1349 3120 δεύτερον

226 3139 257 3195 τό
280 3139 318 3212 μή
341 3135 490 3210 δυνηθῆναι
514 3138 599 3210 αὐτήν
621 3137 686 3197 ίδεῖν
706 3163 732 3197 τι
752 3145 808 3198 τῶν
829 3145 946 3214 νοητῶν·
969 3141 1059 3222 τρίτον
1078 3141 1123 3198 καί
1143 3143 1161 3211 ή
1180 3137 1348 3220 συντυχία·

160 3242 194 3293 25
227 3237 296 3307 αὕτη
320 3233 349 3293 δέ
372 3233 442 3292 ἐστιν
464 3238 482 3306 ή
507 3233 646 3311 δαιμόνων
667 3243 748 3296 τινῶν
771 3240 930 3313 πινάντησις
953 3241 1120 3309 κακοποιῶν,
1147 3238 1186 3302 ῶς
1210 3238 1242 3294 τδ
1268 3237 1349 3300 εἰκός·

228 3333 366 3390 ἀποστᾶσα
382 3333 433 3414 γάρ
452 3337 506 3391 τῶν
525 3333 635 3393 όπαδῶν
652 3341 725 3396 θεῶν
738 3336 893 3418 περιπίπτει
907 3335 1031 3414 δαίμοσιν
1047 3338 1074 3394 οῖ
1086 3336 1132 3393 καὶ
1145 3337 1194 3400 τάς
1210 3333 1352 3409 ἐπιθυμίας

229 3430 312 3504 αὐτῆς
332 3432 377 3498 τάς
397 3432 460 3512 περί
479 3434 529 3505 τήν
547 3435 650 3512 γένεσιν
672 3434 838 3502 έξάπτουσιν·
862 3435 953 3517 ῶσπερ
974 3433 1007 3506 δή
1029 3437 1074 3492 καὶ
1097 3434 1210 3492 ένταῶθα
1231 3435 1351 3514 δρῶμεν,

230 3529 257 3587 έν
276 3530 331 3604 όαιμ
352 3531 401 3605 μέν
420 3531 560 3589 συνέπεταί
579 3552 618 3597 τις
638 3539 678 3608 τῷ
694 3532 849 3610 διδασκάλῳ
865 3534 1018 3614 (Σωκράτει
1033 3533 1096 3616 φέρε
1115 3533 1133 3604 ή
1150 3530 1226 3607 ἀλλιμ
1241 3537 1352 3614 χρηστῷ

230 3623 393 3704 διδασκάλῳ)
416 3627 530 3702 κόσμιός
556 3631 653 3686 τεκαὶ
679 3629 800 3703 έπιεικής
822 3631 926 3711 γίνεται
951 3632 995 3690 καὶ
1022 3625 1228 3707 μεταλαμθάνει
1254 3629 1355 3708 ἀγαθοῦ

165 3734 198 3784 30
231 3725 310 3790 τινός·
331 3723 376 3782 έάν
396 3723 424 3782 δέ
442 3726 547 3802 ἀποστῇ
567 3733 616 3784 τοῦ
635 3726 810 3804 διδασκάλου,
831 3730 1022 3812 περιτυγχάνει
1041 3728 1201 3794 ἀκολάστοις
1216 3729 1262 3786 καὶ
1281 3729 1355 3784 ἀναι-

232 3820 301 3879 δέσιν
320 3823 480 3903 ἀνθρώποις,
497 3823 524 3882 οἳ
541 3825 621 3882 αὖτὀν
636 3826 678 3885 ἐπὶ
695 3827 744 3893 τάς
760 3827 883 3896 έναντίας
900 3828 1047 3909 έγείροοσιν
1062 3827 1211 3904 ἐπιθυμίας.
1225 3827 1357 3907 Τέταρτον

233 3919 319 3978 αίτιον
340 3923 358 3992 ἡ
381 3919 467 3994 λήθη
489 3923 597 3980 πάντων
617 3931 672 3982 τῶν
693 3930 801 3998 νοητῶν
823 3928 868 3983 καί
888 3929 905 3998 ἡ
927 3926 1013 4000 αὐτῆς
1033 3927 1190 4008 έτεροποιδς
1212 3925 1258 3983 καί
1280 3944 1356 4005 γενε·

233 4019 355 4101 αιουργός
374 4019 486 4098 δύναμις
509 4023 680 4104 βαρυνομένη
705 4023 802 4082 λοιπόν
823 4028 869 4082 καί
889 4025 1034 4100 πλήθουσα
1057 4028 1106 4102 μὲν
1127 4032 1174 4084 τοῦ
1195 4033 1244 4099 τῆς
1268 4024 1357 4098 λήθης

233 4119 355 4194 πόματος
374 4118 420 4177 καὶ
439 4119 489 4177 ὅσα
507 4126 561 4179 τῶν
579 4129 629 4194 τῆς
649 4121 782 4202 γενέσεως
803 4123 922 4200 δεσμῶν,
944 4123 1098 4198 ἀποστάσης
1118 4123 1146 4184 δέ
1160 4125 1205 4182 καὶ
1218 4122 1357 4196 παντελὴς

171 4226 202 4276 ³5
234 4217 305 4291 λήθη
320 4223 374 4276 τῶν
388 4225 505 4291 νοητῶν.
526 4220 598 4293 Αὕτη
619 4221 671 4302 γάρ
691 4220 760 4280 ἐστιν
781 4223 867 4296 αὐτῆς
886 4225 904 4296 ή
923 4223 1024 4282 κακία
1043 4228 1061 4297 ἡ
1080 4225 1126 4282 καί
1143 4229 1258 4283 ποιοῦσα
1278 4223 1360 4296 αὐτὴν

268 4423 314 4478 NG
330 4428 345 4478 4
361 4428 525 4495 ἀνθρωπικῶν
543 4429 603 4478 Aa:
627 4441 694 4480 num
716 4431 879 4498 ἀνθρωπίνων
944 4433 959 4483 5
975 4433 1064 4498 κατίδη
1085 4437 1108 4485 τί
1127 4435 1155 4484 Α
1216 4433 1244 4484 13
1262 4433 1361 4501 οῖσιρων

237 4499 292 4550 Αῑε
312 4501 422 4567 ἀστέρων
442 4496 472 4550 M
536 4501 641 4566 ἀνοχαῖς
657 4502 685 4551 Μ
706 4515 712 4552 :
733 4503 833 4570 ἀνοχαῖς
846 4507 871 4553 Α
935 4504 966 4555 Ῑθ
985 4503 1101 4572 ποιῆσαι]
1122 4507 1247 4559 ποιεῖσθαι
1268 4501 1298 4556 M

237 4571 268 4621 18
280 4573 339 4622 :m
401 4570 631 4633 2οδταν,όι·υίιε.
647 4576 671 4623 Α
735 4572 765 4624 21
780 4576 868 4643 φορᾱςή
884 4573 1018 4643 φθοράςΜ
1085 4576 1192 4628 θθίοιθ.
1205 4587 1304 4645 πρῶτον
1318 4575 1362 4630 οὖν

237 4643 378 4726 <αἶτιον”>
441 4641 579 4727 ἀρτρίτον]
595 4646 663 4708 τρίτη
683 4644 711 4694 Μ
776 4647 807 4696 25
825 4645 975 4712 συνάντησις
989 4655 1044 4698 om.
1062 4647 1090 4697 M
1155 4647 1185 4700 26
1202 4651 1245 4700 καί
1260 4638 1360 4700 om.M

298 4712 329 4762 27
346 4711 441 4779 ωσπερ]
456 4731 521 4764 ωστε
533 4713 563 4762 M
627 4715 658 4765 32
675 4717 775 4768 πάντων
790 4719 907 4782 scripsi!
922 4717 1003 4784 πάντη
1015 4719 1078 4770 libri
1142 4717 1172 4770 3³
1189 4719 1320 4785 πλήθουσα
1332 4744 1362 4760 *-

238 4785 268 4835 35
284 4792 380 4848 νοητῶν
394 4788 537 4849 corruptus
554 4784 631 4836 locus
695 4788 726 4838 ³4
743 4790 883 4849 ἀπόστασις
896 4787 927 4841 Μ
942 4779 1016 4856 quo'd
1032 4805 1130 4844 verum
1146 4791 1254 4846 videtur
