3600 5734
456 629 511 680 ΕΙΣ
532 630 593 680 TON
618 631 793 684 nmmos
816 633 958 684 ΦΑΙΔΡΟΧ
982 633 1104 686 ΣΧΟΛΙλ
1299 652 1342 700 155

108 789 185 856 [¹⁴⁴]
221 783 269 856 μὶν
290 783 328 846 ὡς
347 778 372 849 ἐξ
394 781 510 855 δλων,ἣ
531 781 559 840 δὲ
576 785 615 848 ὡς
636 784 737 842 ἐκτῶν
756 786 943 864 μερικωτὲρων
957 785 1201 870 συμπληρουμένη,
1219 813 1344 871 παρα-γη.

221 881 307 956 μένων
324 886 376 938 τῶν
394 881 582 962 μερικωτέρων
600 883 651 940 ὑπὸ
671 889 725 940 τῶν
745 883 771 940 έν
792 885 888 948 αὐτοῖς
906 884 1084 966 δλικωτέρων,
1103 891 1162 946 οἷον
1182 889 1221 954 ὡς
1238 889 1281 946 ἐπὶ
1296 895 1343 948 τοῦ

219 979 334 1054 κίσμου·
357 979 420 1044 θλος
439 981 488 1060 γάρ
508 979 578 1038 έστιν
597 983 611 1038 6
631 981 735 1056 κὸσμος
754 983 793 1047 ὡς
811 983 979 1054 συνεστηκὼς
995 983 1025 1040 ἐκ
1038 991 1091 1042 τῶν
1103 985 1173 1044 ὅλων
1188 989 1342 1068 στοιχείων,

218 1073 244 1143 ἐξ
265 1076 331 1150 θλης
350 1087 414 1155 γῆς,
437 1074 463 1144 ἐξ
483 1077 546 1135 δλου
565 1079 660 1159 πυρὸς,
680 1076 706 1146 ἐξ
727 1079 792 1138 θλου
812 1079 921 1152 ῦδατος,
942 1081 970 1148 ἐξ
986 1081 1051 1141 θλου
1070 1084 1160 1164 ἀέρος,
1178 1087 1212 1158 ἣν
1228 1085 1343 1159 δλότητα

96 1184 200 1234 1·59r·
217 1183 291 1233 ποιεῖ
312 1178 326 1232 ὁ
345 1175 511 1255 δημιουργὸς
529 1179 543 1234 6
563 1173 733 1258 έξηρημένος
752 1179 828 1244 Ζεῦς.
850 1181 900 1236 Καὶ
920 1179 997 1239 πάλιν
1016 1181 1049 1238 αὗ
1070 1183 1167 1262 ἑτέρως
1191 1183 1196 1262 ή
1219 1183 1281 1242 θλον
1302 1184 1342 1242 λέ-

215 1296 290 1352 γεται
304 1276 318 1331 6
333 1275 449 1352 κόσμος,
467 1275 506 1340 ὡς
523 1276 609 1332 πάντα
624 1275 672 1333 ὅσα
689 1279 774 1349 νοητὰ
793 1281 849 1356 ζῷα
865 1275 936 1360 ἔχων
955 1278 982 1336 ἐν
1000 1281 1096 1358 ἑαυτῷ,
1115 1283 1182 1360 ἅπερ
1201 1285 1245 1338 καὶ
1262 1283 1342 1349 αῦτδς

216 1372 310 1430 λοιπὸν
329 1372 356 1429 έν
374 1375 459 1452 έαυτῷ
478 1375 604 1453 παράγει·
625 1379 659 1447 ής
681 1374 858 1455 δημιουργίας
879 1375 956 1458 ἄρχει
975 1379 990 1434 δ
1012 1379 1151 1444 Διόνυσος.
1174 1379 1205 1436 Ἢ
1226 1382 1275 1455 μἐν
1298 1381 1344 1439 οῦν

216 1472 310 1550 πρώτη
326 1471 425 1543 δλθτης
440 1471 566 1550 ἀναλογεῖ
581 1474 648 1530 κατὰ
663 1473 726 1538 τοῦς
739 1473 815 1532 ἔνδον
829 1475 856 1532 ἐν
866 1483 927 1542 τοῖς
940 1467 1087 1556 παρέγουσι
1101 1477 1230 1552 μένοντας
1246 1479 1340 1554 Βεοδς,

215 1574 233 1642 ή
253 1569 282 1628 δέ
301 1568 410 1650 δευτέρα
428 1572 496 1627 κατὰ
512 1571 575 1636 τοῦς
596 1567 647 1638 ἔξω
666 1572 719 1628 ἀπὸ
734 1578 787 1629 τῶν
803 1571 902 1630 δλικυῖν
915 1574 1070 1654 προιδντας.
1087 1610 1126 1620 -
1140 1577 1175 1632 Τὸ
1188 1575 1215 1634 δὲ
1231 1577 1273 1638 ἐπὶ
1289 1587 1340 1650 τῆς

149 1677 186 1726 10
217 1669 370 1744 ἐπιστήμης
385 1670 466 1748 ῥηθέν
488 1695 500 1723 ιι
520 1670 582 1751 οὐχ
599 1671 617 1746 ᾗ
632 1671 759 1748 γένεσις
773 1672 950 1750 πρόσεστιν
967 1671 1072 1745 οθδίί,
1089 1673 1159 1731 ἐστί
1172 1697 1235 1736 που
1249 1677 1342 1756 ἑτέρα

218 1767 249 1824 έν
271 1769 401 1848 έτέρῳο
425 1769 457 1825 οὐ
480 1769 564 1843 μόνον
586 1769 647 1847 περὶ
670 1777 722 1840 τῆς
748 1769 778 1826 έκ
798 1771 992 1850 Βεωρημάτων
1016 1771 1087 1850 λέγει
1106 1774 1275 1845 συνεστώσης
1297 1775 1341 1832 καῖ

218 1864 301 1936 οὔσης
321 1866 348 1924 έν
368 1872 456 1946 ψυχῇ,
475 1865 548 1924 ἀλλά
564 1867 609 1924 καί
626 1876 680 1938 τῆς
701 1865 727 1924 έν
746 1873 782 1946 νῷ
801 1868 847 1924 καί
867 1868 893 1926 έν
913 1867 980 1942 ἰδέα.
1000 1868 1043 1926 Ἐν
1060 1870 1112 1950 γὰρ
1132 1877 1169 1950 τῷ
1187 1877 1233 1950 νῷ,
1255 1873 1343 1952 ὥσπερ

219 1963 346 2040 εῖπομεν,
367 1967 523 2046 περιέχεται
543 1967 580 2031 ὡς
597 1968 648 2023 ὑπὸ
664 1965 755 2022 ἀλλον·
778 1963 877 2046 διαιρεῖ
896 1968 947 2048 γὰρ
967 1969 981 2024 6
1001 1965 1081 2046 λόγος
1106 1969 1129 2028 εί
1146 1971 1191 2026 καί
1211 1971 1339 2041 ήνωνται.

218 2061 347 2142 Ἠρκέσθη
364 2061 392 2120 δὲ
407 2071 468 2128 τοῖς
484 2065 551 2144 τρισὶ
567 2065 672 2130 τοῦτοις
689 2062 860 2138 δικαιοσῦνης
875 2067 920 2122 καὶ
936 2067 1113 2148 σωρροσθνης
1128 2069 1173 2126 καί
1188 2067 1341 2145 ἐπιστήμης

149 2167 186 2218 15
219 2161 358 2236 ὀνόμασιν,
378 2163 415 2227 ὡς
435 2163 481 2220 καί
502 2163 596 2238 μόναις
618 2163 760 2244 ἀρκοῦσαις
780 2163 848 2242 πρὸς
873 2161 1058 2240 εὐδαιμονίαν.
1081 2199 1119 2208 -
1138 2165 1232 2231 Καλῶς
1255 2165 1283 2224 δέ
1304 2173 1341 2246 τῷ

108 2267 202 2332 ρ.145
219 2260 411 2336 Βεασαμένη
431 2261 461 2318 τὸ
481 2263 669 2318 έστιαθεῖσα
693 2261 869 2341 προσέθηκεν·
892 2263 923 2319 οῦ
943 2262 948 2343 Ι
966 2263 1017 2342 γάρ
1037 2261 1108 2320 ἐστιν
1128 2263 1219 2329 ἁπλῶς
1237 2263 1342 2345 ἀμυδρὰ

218 2359 281 2430 θέα,
302 2361 375 2419 ἀλλά
393 2360 532 2440 πλήρωσις
552 2361 658 2439 ἀγαθῶν
678 2360 722 2417 καῖ
745 2359 877 2435 μέστινσις
896 2369 948 2432 τῆς
973 2361 1076 2426 οίκείας
1099 2360 1282 2435 τελειότητος.
1304 2398 1343 2408 —

217 2461 252 2516 Τὸ
276 2459 305 2518 δὲ
328 2458 408 2518 δῦσα
431 2460 527 2517 πάλιν
552 2461 598 2524 είς
623 2460 658 2516 τὸ
684 2457 761 2517 εἷ’σω
782 2466 840 2516 τοῦ
865 2459 1008 2539 οὐρανοῦ
1031 2458 1143 2518 οίκαδε
1163 2459 1263 2532 ήλθεν
1287 2462 1343 2519 ἀντὶ

218 2566 278 2616 τοῦ·
295 2557 348 2614 ἀπὸ
362 2567 413 2628 τῆς
426 2559 493 2622 Ξιέας
507 2565 556 2614 τοῦ
573 2557 768 2638 ίιπερουρανίου
783 2557 868 2614 τόπου
880 2555 988 2638 ἔρχρται
1002 2555 1045 2614 έπί
1059 2559 1107 2622 τὰς
1123 2557 1189 2623 θέας
1205 2560 1252 2623 τὰς
1269 2558 1342 2624 ἐντὸς

150 2660 187 2710 20
219 2658 347 2737 οὐρανοῦ·
369 2657 428 2714 εἶτα
444 2654 489 2712 ἀπ’
506 2655 618 2712 ἐκείνων
637 2657 681 2712 καὶ
701 2656 797 2727 ἐαυτήν
817 2656 856 2720 ὡς
874 2657 966 2736 ψυχὴν
985 2663 1100 2736 Βεωρεῖ·
1120 2664 1200 2714 τοῦτο
1219 2657 1269 2739 γάρ
1289 2656 1343 2714 ἐστι

217 2757 248 2813 τὸ
271 2753 385 2813 οίκαδε
410 2753 531 2812 ἐλθεῖν·
560 2753 614 2835 οῦχ
637 2753 680 2810 ὅτι
705 2753 753 2811 οῦν
777 2753 1001 2830 ἀπολιμπάνουσα
1026 2755 1081 2811 τὸν
1108 2756 1343 2836 ὑπερουράνιον

218 2856 318 2912 τόπον
333 2854 359 2910 έν
374 2861 435 2918 τοῖς
449 2853 574 2934 ἐσχάτοις
589 2854 703 2930 γίνεται·
719 2860 801 2912 τοῦτο
815 2854 865 2933 γάρ
878 2853 911 2912 οὐ
924 2852 1007 2928 Βέμις
1020 2852 1063 2911 έπὶ
1076 2863 1128 2926 τῆς
1141 2854 1220 2919 θείας
1233 2849 1339 2936 ψυχῆς·

220 2953 251 3011 οῦ
272 2954 321 3032 γὰρ
338 2951 439 3028 μᾶλλον
452 2952 497 3009 καὶ
511 2957 594 3024 ήττον
610 2950 819 3026 εὐδαιμονοῦσιν
836 2954 864 3009 αῖ
883 2959 961 3010 θεῖαι
977 2951 1073 3033 ψυχαί·
1089 2951 1178 3015 καλῶς
1196 2951 1223 3010 δέ
1238 2949 1297 3034 ἔχει
1310 2955 1341 3010 τὸ

217 3051 278 3131 περί
295 3051 382 3108 αὐτῶν
399 3051 478 3130 ρἠθέν
493 3050 534 3106 ὅτι
551 3075 564 3105 ι
582 3049 636 3108 δέν
650 3054 721 3126 ήμῖν
734 3071 811 3126 ποτε,
828 3056 908 3108 τοῦτο
926 3049 1038 3115 ἐκείνοις
1059 3049 1100 3106 ἀεὶ
1119 3074 1132 3104 ν
1153 3050 1198 3106 καῖ
1214 3049 1294 3106 πάλιν
1311 3051 1341 3106 τὸ

152 3153 186 3202 25
221 3150 294 3208 ιιάεί
310 3149 337 3206 ἐν
356 3147 426 3206 τέλει
445 3149 523 3212 εἶναι,
542 3173 555 3203 ν
577 3147 663 3206 Ἀλλδι
681 3149 711 3205 τὸ
731 3148 877 3227 λεγόμενον
893 3148 1018 3206 τοιοῦτόν
1038 3147 1103 3204 ἐστι·
1122 3147 1232 3212 πλείους
1250 3144 1343 3228 ἔχουσι

221 3248 346 3325 δυνάμεις
362 3250 390 3304 αῖ
402 3255 479 3306 Ξιεῖαι
490 3249 587 3327 ψυχαί,
603 3247 650 3312 τάς
669 3248 718 3322 μέν
736 3248 892 3327 ὑπερτέρας,
906 3249 953 3313 τὰς
967 3245 995 3304 δὲ
1012 3247 1106 3322 μέσας,
1121 3247 1168 3310 τοῖς
1185 3244 1213 3303 δὲ
1227 3245 1342 3304 καταδε-

220 3347 336 3428 εστέρας.
356 3353 422 3412 Ταῖς
443 3347 492 3422 μέν
510 3345 556 3404 οῦν
571 3347 732 3426 πρωτίσταις
749 3351 801 3403 τῶν
819 3344 958 3421 δυνάμεων
975 3345 1015 3403 ἀεὶ
1033 3352 1093 3410 τοῖς
1110 3345 1270 3424 πρωτίστοις
1289 3350 1341 3402 τῶν

219 3451 322 3519 νοητῶν
338 3441 509 3504 έπιθάλλουσι
526 3445 571 3502 καῖ
590 3450 627 3524 τῷ
645 3445 826 3524 ὑπερουρανίῳ
844 3445 931 3519 τέπῳ,
952 3451 1014 3509 ταῖς
1035 3443 1064 3501 δέ
1082 3443 1175 3518 μέσαις
1190 3451 1250 3508 τοῖς
1267 3443 1341 3508 έντδς

220 3546 347 3626 οὐρανοῦ,
363 3552 424 3610 ταῖς
445 3543 473 3601 δὲ
494 3543 617 3624 ἐσχάταις
634 3541 701 3600 κατδι
720 3544 750 3600 τδ
768 3544 883 3624 Ιήιυχικδν
898 3542 1011 3618 μάλιστα
1028 3540 1142 3616 ίδίωμα·
1158 3541 1280 3599 ’ίστιινται
1295 3541 1342 3600 οὖν

155 3655 188 3704 30
219 3645 312 3708 έαυτάς
327 3643 366 3706 ὡς
385 3643 473 3722 ψυχᾶς
494 3640 589 3698 λοιπὸν
609 3646 771 3718 θεωροῦσαι·
793 3638 833 3697 διδ
852 3642 897 3697 καί
915 3641 946 3696 τδ
964 3637 1044 3697 δῦσα
1064 3640 1109 3704 είς
1129 3639 1163 3696 τδ
1185 3637 1261 3697 είσω
1285 3645 1341 3696 τοῦ

219 3743 359 3822 οὐρανοῦ
380 3738 493 3799 οἴκαδε
511 3739 626 3812 ήλθεν·
646 3743 674 3796 αῖ
688 3739 739 3818 γὰρ
760 3738 886 3820 ἐνέργειαι
901 3738 986 3810 αὐτῆς
1000 3741 1027 3795 αῖ
1042 3737 1245 3818 καταδεέστεραι
1265 3737 1340 3802 ἐντός

218 3862 247 3898 τε
261 3840 375 3920 οὐρανοῦ
388 3838 512 3918 λέγονται
526 3839 571 3895 καῖ
587 3837 700 3895 οἴκαδε
715 3839 752 3901 ὡς
767 3838 864 3909 οίκεῖα,
882 3835 974 3908 ἐπειδὴ
992 3835 1109 3912 μα’λιστα
1124 3837 1161 3900 ὡς
1177 3836 1277 3893 οἰκεῖαι
1291 3845 1340 3907 τῆς

219 3942 309 4018 ψυχῆς
325 3941 495 4016 θεωροῦνται
506 3937 573 3992 κατέ
588 3936 618 3992 τὸ
632 3935 746 4017 ψυχικὸν
760 3933 860 4010 έδίωμα
875 3934 1018 4009 ἱστάμεναι
1031 3935 1077 3990 καὶ
1089 3935 1185 3999 ἑαυτὰς
1198 3935 1236 3998 ὡς
1252 3935 1341 4014 ψυχαῖς

219 4041 381 4117 θεωροῦσαι.
405 4035 441 4090 Ἢ
459 4034 505 4090 καί
525 4031 616 4090 ἐλθεῖν
636 4030 744 4112 λέγεται
767 4033 811 4098 είς
830 4033 866 4090 τὸ
889 4031 965 4090 είσω
987 4031 1078 4102 ἐπειδὴ
1099 4029 1235 4108 έλλαμψίς
1253 4056 1291 4097 τις
1313 4031 1341 4088 ἐκ

157 4144 188 4193 35
219 4141 273 4192 τῶν
287 4134 400 4215 πρώτων
415 4131 557 4206 δυνέμεων
572 4137 631 4196 ταῖς
648 4129 782 4210 δευτέραις
797 4131 996 4212 ἐποχετεῦεται.

250 4319 312 4370 TIT
329 4320 343 4368 4
357 4320 431 4370 ποίαν
446 4320 552 4380 θλότητα
566 4321 634 4367 ποιεῖ
648 4320 661 4366 6
677 4311 738 4374 Ζεύς
753 4315 773 4366 C

252 4427 298 4478 ΝΟ
318 4429 333 4480 2
351 4427 434 4484 αὐτοῖς
454 4425 481 4474 Μ
547 4423 623 4488 δὼς]
644 4427 658 4474 θ
677 4423 707 4472 Μ
771 4421 870 4486 5δλον]
887 4423 992 4481 δλωςΜ
1012 4423 1163 4481 εὸλοςΑετ
1225 4422 1341 4489 6αάτδς]

222 4499 285 4552 abe&
298 4502 341 4550 καί
356 4503 392 4549 Α·
453 4493 543 4560 θεοῖς]
560 4489 598 4554 οίς
615 4498 673 4545 Aer
735 4494 766 4544 10
782 4496 877 4560 γένεσις
899 4506 934 4544 ex
956 4493 1066 4544 emend.
1087 4499 1123 4545 Αιι
1141 4495 1221 4558 (γένος
1243 4495 1278 4558 ³¹)

220 4575 285 4622 ἐστιν
301 4570 368 4621 Plat.
433 4569 461 4618 1³
477 4571 510 4626 ὡς
525 4567 621 4630 scripsi
637 4581 643 4616 :
659 4567 705 4625 ἓως
717 4566 780 4615 libri
843 4569 968 4633 δισιιιιιρεῖ
984 4569 1008 4616 Α
1071 4564 1102 4630 εί]
1119 4568 1134 4616 ἃ
1149 4569 1186 4614 A·
1252 4567 1280 4615 14
1295 4566 1341 4634 ἦρ-

219 4640 305 4708 κέσθη]
317 4641 426 4710 ἐχρήσθη
438 4641 466 4689 Μ
532 4639 561 4687 15
576 4633 723 4705 ἀρκούσαις]
737 4633 859 4695 ἀκούσαις
875 4637 923 4685 M:
940 4633 1062 4702 ἀγούσαις
1076 4640 1134 4685 Λετ
1196 4636 1240 4701 τὴν
1257 4635 1342 4688 εὐδαι-

221 4714 351 4778 μονίανΜ
414 4709 548 4778 καῑτῷΜ
611 4709 641 4758 24
658 4709 753 4760 ποτέΑ
817 4707 907 4766 2616:
918 4707 944 4759 δέ
955 4711 1031 4772 μέσας
1046 4719 1100 4757 om.
1117 4707 1144 4756 Μ
1210 4707 1241 4756 30
1254 4709 1339 4776 ψυχὰς

220 4785 314 4848 scripsi
330 4798 337 4834 ι
354 4785 434 4854 ψυχαί
446 4781 509 4830 libri
522 4780 556 4830 ct.
571 4779 600 4828 33
665 4781 695 4832 ³2
711 4778 802 4846 οίκεῖα]
816 4780 906 4831 οίκεῖαι
924 4780 950 4829 Μ
