3660 5686
541 609 597 660 ΕΙΣ
618 610 680 661 TON
702 609 878 660 nAAmNoz
901 609 1044 661 ΦΑΙΔΡΟΝ
1065 610 1187 662 ΣΧΟΛΙΑ
1395 625 1426 676 37

206 763 273 830 510⁴]
305 758 394 839 ὥσπερ
418 759 441 816 εἰ
459 759 542 836 λόγου
562 759 680 840 χάρινη
702 753 781 830 λῆξις
800 767 850 830 τῆς
870 762 962 839 ψυχῆς
983 757 1047 840 ἀχρι
1066 758 1227 841 φιλοσοφίας
1244 763 1290 834 ἤν,
1308 761 1426 835 ἠδόνατο

302 860 423 937 ἡψυχὴ,
439 858 484 912 καὶ
501 859 539 932 μή
562 858 624 934 βίον
644 857 761 932 ἑλομένη
782 857 932 938 φιλόσοφον
952 855 1025 924 ἀλλά
1047 855 1129 915 ἀλλον
1149 861 1215 928 τινὰ,
1239 860 1378 940 ἐνεργῆσαί
1400 883 1426 917 τι

192 961 286 1011 Μία·
302 957 347 1012 καί
366 955 393 1011 ἐν
413 955 510 1030 ἐκείνῳ
528 962 567 1030 τῷ
588 956 641 1034 βίῳ
658 955 818 1038 φιλόσοφον.
840 955 844 1035 ψ
863 955 994 1034 Λέγονται
1012 954 1040 1014 δέ
1061 956 1130 1014 εἶναί
1148 980 1219 1023 τινες
1235 961 1281 1016 καὶ
1296 961 1426 1040 ὑπερκόσ-

304 1075 362 1128 μιοι
381 1054 478 1136 ψυχαί.
499 1061 561 1118 Πῶς
581 1056 630 1130 μὲν
649 1054 730 1127 οόνή
751 1057 825 1136 ψυχὴ
847 1054 980 1132 ἐνθουσιᾷ,
996 1051 1112 1136 εἴρηται.
1135 1063 1196 1122 Πῶς
1213 1055 1242 1114 δέ
1257 1060 1302 1116 καί
1316 1056 1427 1136 ἀγαλμα

255 1159 270 1206 5
304 1152 412 1230 λέγεται
433 1153 580 1228 ἐνθουσιῖινς
602 1153 639 1210 Ἣ
661 1153 725 1210 αὐτὸ
747 1152 795 1227 μέν
813 1153 864 1210 οὐκ
883 1153 985 1234 ἐνεργεῖ
1004 1155 1064 1234 περὶ
1082 1155 1112 1211 τὸ
1132 1161 1218 1226 θεῖον,
1243 1157 1304 1236 ὅγε
1319 1155 1426 1239 ἀψυχόν

303 1253 381 1322 ἐστιν,
407 1250 481 1310 ἀλλά
503 1254 552 1322 την
574 1248 644 1325 ὕλην
667 1256 685 1324 ἡ
710 1249 851 1323 τελεστική
878 1249 1062 1332 διακαθηρασα
1083 1253 1129 1310 καί
1151 1275 1224 1318 τινας
1247 1263 1425 1336 χαρακτῆρας

301 1353 346 1408 καὶ
362 1345 489 1425 σίμόολα
502 1351 639 1429 περιθεῖσα
653 1355 691 1425 τῷ
706 1348 847 1429 ἀγάλματι
862 1355 969 1428 πρῶτον
982 1349 1032 1425 μὲν
1046 1347 1171 1432 ἔμψυχον
1187 1351 1251 1409 αότδ
1265 1351 1308 1411 διὰ
1321 1353 1426 1411 τοότων

302 1449 412 1520 ἐποίησε
429 1450 474 1506 καὶ
491 1448 591 1521 <οἷόν
610 1455 681 1520 τε>
701 1451 776 1521 ζωήν
793 1471 854 1506 τινα
875 1447 905 1505 έκ
925 1453 974 1504 τοῦ
992 1448 1098 1523 κόσμου
1116 1444 1317 1518 καταδέξασθαι,
1338 1447 1427 1509 ἔπειτα

303 1548 368 1621 μετά
382 1551 461 1604 τοῦτο
477 1544 668 1627 ἐλλαμφθῆναι
680 1547 752 1626 παρὰ
766 1552 812 1604 τοῦ
830 1546 907 1605 θείου
925 1546 989 1603 σότὸ
1005 1548 1215 1626 παρεσκεόασεν·
1233 1550 1300 1628 όπερ
1316 1546 1427 1628 ἄγαλμα

235 1647 269 1698 10
302 1645 340 1702 ἀείΙ
358 1634 523 1726 χρηματίζει
541 1643 592 1709 ἐ’ως
611 1643 734 1702 δόνανται
755 1643 880 1726 δέχεσθαι
901 1647 927 1702 σί
943 1643 1103 1718 ἐπιτήδειοι·
1119 1647 1149 1703 τό
1166 1648 1214 1721 μέν
1228 1649 1278 1727 γὰρ
1294 1646 1423 1729 ἀγαλμαΙ

185 1751 213 1801 Ρ·
234 1736 284 1787 ¹⁰5
302 1744 340 1807 ὡς
356 1743 387 1800 ἀν
404 1743 521 1819 τελεσθῇ
539 1745 615 1818 μένει
630 1737 725 1824 ἐφεξῆς
739 1741 791 1808 ’έως
805 1742 837 1800 ἀν
855 1743 943 1820 πάντη
964 1743 1145 1816 ἀνεπιτήδειον
1165 1747 1275 1824 γένηται
1293 1747 1359 1826 πρὸς
1378 1748 1427 1817 τὴν

301 1846 373 1898 Ξιεῶν
391 1839 538 1918 ἔλλαμψιν·
556 1844 570 1899 δ
587 1841 678 1918 μέντοι
692 1840 788 1924 δοχιδς
802 1842 876 1920 παρά
892 1841 982 1922 μέρος·
1000 1847 1046 1898 νῦν
1062 1843 1111 1917 μὶν
1130 1843 1180 1922 γάρ
1197 1842 1343 1919 δεξόμενος
1361 1843 1426 1900 ἀπο-

300 1939 423 2012 παόιται,
440 1939 513 2006 αὗθις
531 1939 559 1998 δὲ
573 1941 657 1998 πάλιν
672 1940 841 2022 ἐμφορεῖται·
857 1941 888 1997 τὸ
901 1939 929 1997 δέ
945 1937 1034 1998 αίτιον
1049 1941 1122 2012 θ’τιὴ
1140 1942 1189 2016 μέν
1204 1945 1278 2024 ψυχὴ
1293 1942 1426 2025 ἐμφορου-

302 2039 370 2114 μένη
386 2038 453 2112 αιἰτή
470 2039 568 2119 ἐνεργεῖ
581 2041 644 2118 περὶ
657 2040 687 2096 τὸ
703 2045 791 2110 θεῖον,
809 2037 850 2096 διδ
869 2039 1022 2114 ἀποκάμνει
1042 2040 1106 2118 ὑπὲρ
1125 2041 1175 2111 τὴν
1194 2041 1292 2112 ἑαυτῆς
1313 2039 1426 2116 δύναμιν

236 2139 267 2189 15
302 2138 446 2217 ἐνεργοῦσα
464 2135 493 2218 (ἦ
513 2140 564 2218 γάρ
584 2137 614 2196 ἀν
632 2141 666 2210 ἦν
686 2139 749 2203 θεὸς
767 2139 812 2195 καί
831 2139 917 2212 όμοία
935 2143 994 2201 ταῖς
1015 2143 1069 2194 τῶν
1090 2136 1195 2216 ἀστρων
1210 2143 1321 2222 ψυχαῖς,
1343 2141 1365 2198 εί
1386 2142 1424 2214 μὴ

301 2235 463 2314 ἀπέκαμνε),
479 2237 510 2294 τὸ
524 2235 552 2294 δέ
567 2235 675 2315 ἀγαλμα
695 2238 731 2300 ὡς
751 2237 781 2294 ἀν
797 2237 872 2312 πάθη
893 2235 964 2293 οότω
985 2235 1060 2311 μένει
1081 2234 1305 2312 ἐλλαμπόμενον,
1324 2235 1426 2294 διὸκαὶ

299 2339 317 2406 ί,
333 2334 555 2408 ἀνεπιτηδειότης
569 2335 650 2393 αὐτοῦ
666 2337 702 2398 είς
719 2335 844 2414 στέρησιν
857 2333 974 2406 παντελῆ
991 2341 1090 2414 χωρεῖ,
1108 2333 1152 2391 ἐάν
1169 2337 1208 2409 μη
1224 2334 1307 2393 πάλιν
1323 2336 1352 2392 ἐκ
1367 2336 1426 2402 νέας

302 2434 351 2490 ἀπὸ
368 2439 415 2491 τοῦ
431 2434 561 2492 τελεστσῦ
575 2434 691 2510 τελεσθῇ
706 2435 750 2492 καίΙ
765 2434 929 2514 έμψυχωθῇ.

342 2529 402 2590 ‘'O-»2
418 2535 466 2608 μέν
485 2532 532 2590 οὗν
550 2534 610 2612 περίΙ
627 2534 658 2589 τὸ
675 2533 704 2589 ἐν
721 2541 770 2604 τῆς
789 2535 880 2613 ψυχῆς
898 2532 1002 2610 γίνεται
1018 2533 1033 2587 ὁ
1051 2531 1150 2610 κυρίως
1170 2531 1361 2608 ἐνθουσιασμὸς
1380 2521 1426 2590 καὶ

234 2633 268 2682 20
301 2632 340 2689 ότι
362 2632 484 2690 ἐπίπνοια
503 2635 548 2688 καί
568 2631 702 2708 ἐλλαμψίς
724 2632 779 2689 ἐστι
805 2637 859 2688 τῶν
881 2637 967 2700 Ξιεῶν,
991 2633 1092 2694 ἱκανῶς
1115 2630 1231 2711 είρηται.
1259 2631 1371 2713 Ἐρεξῆς
1397 2631 1425 2691 δέ

301 2733 422 2812 περὶτῆς
435 2731 535 2798 τάξεωτ
550 2733 658 2803 καὶτῆς
674 2731 769 2813 χρείας
782 2737 837 2788 τῶν
852 2730 986 2809 τεσσάρων
1002 2735 1105 2804 μανιῶν
1120 2726 1303 2806 διαλάθοιμεν,
1321 2733 1366 2789 καὶ
1382 2730 1425 2789 διά

301 2830 327 2887 τί
345 2831 449 2887 τούτων
467 2830 557 2905 μόνων
575 2832 589 2886 ὁ
609 2830 759 2911 φιλόσοφος
780 2829 993 2905 ἐμνημόνευσεν.
1011 2828 1079 2908 Ἀρα
1096 2829 1134 2893 ὡς
1151 2831 1189 2905 μὴ
1206 2829 1294 2888 οὐσῶν
1314 2831 1423 2910 ἐτέρων,

300 2930 317 3000 ἦ
337 2931 381 2986 καί
399 2927 506 2993 ταόταις
526 2929 690 3009 ἀρκούμενος
709 2930 746 2992 τίς
763 2929 794 2984 τὸ
812 2927 1011 3008 προκείμενον;
1032 2925 1094 2984 Ὅτι
1108 2928 1157 3003 μἐν
1168 2927 1214 2985 οθν
1230 2929 1279 2986 είσι
1292 2930 1337 2986 καῖ
1349 2927 1426 2986 ἀλλαι

299 3029 456 3110 κατοκωχαὶ
470 3029 513 3084 καὶ
530 3027 623 3102 μανίαι
635 3029 679 3084 καί
693 3026 774 3092 αὐτὸς
790 3029 839 3102 μὲν
853 3026 957 3108 προιὼν
970 3019 1124 3092 ἐνδείξεται·
1140 3028 1185 3083 καί
1200 3027 1227 3084 ἐν
1239 3033 1297 3092 τοῖς
1310 3029 1425 3108 φθάσασι

233 3130 266 3180 25
299 3124 327 3182 δέ
345 3125 546 3201 ἐμνημόνευσεν
565 3126 647 3184 είπιόν
671 3150 684 3181 ιι
707 3128 750 3201 μὴ
774 3123 1013 3206 νυμφόληπτος
1037 3123 1186 3203 γένωμαι
1207 3148 1234 3180 ν·
1260 3127 1308 3182 είσί
1330 3124 1358 3182 δέ
1379 3127 1425 3183 καί

298 3225 471 3297 πανόληπτοι
491 3227 536 3281 καί
558 3223 746 3304 μητρόληπτοι
766 3225 810 3280 καὶ
829 3219 1046 3304 κορυθαντισμοὶ,
1067 3223 1169 3280 ὤνκαὶ
1193 3223 1272 3288 αὐτὸς
1296 3223 1423 3306 ἀλλαχοῦ

300 3324 493 3398 μνημονεύσει·
511 3324 594 3398 μόνας
610 3322 638 3380 δέ
658 3323 770 3380 ἐνταῦθα
789 3323 887 3387 ταότας
906 3322 952 3386 τάς
968 3323 1096 3401 τέσσαρας
1114 3320 1296 3402 παραδέδωκε,
1313 3329 1422 3402 πρῶτον

301 3423 349 3496 μέν
366 3423 408 3479 ότι
425 3423 470 3478 καὶ
490 3423 665 3497 μόναιαῦται
681 3423 791 3502 ἀρκοῦσι
804 3427 838 3497 τῇ
854 3423 929 3501 ψυχῇ
950 3421 989 3485 είς
1006 3423 1054 3492 τὴν
1072 3419 1174 3478 οἰκείαν
1194 3421 1421 3498 ἀποκατάστασιν,

300 3521 338 3584 ῶς
355 3517 417 3590 έξῆς
438 3519 575 3594 εἰσόμεθα,
596 3517 688 3576 ἔπειτα
709 3519 750 3575 ότι
772 3521 816 3574 καὶ
837 3518 885 3583 τὰς
906 3523 1050 3598 προσεχῶς
1076 3513 1266 3590 έπιόεόηκυίας
1289 3524 1322 3594 τῇ
1345 3523 1421 3600 ψυχῇ

234 3619 268 3668 30
299 3615 475 3698 παραδίδωσι.
493 3616 592 3674 Πολλαί
610 3619 659 3692 μέν
671 3617 722 3696 γὰρ
735 3618 772 3681 είς
788 3618 890 3674 ἅπαντα
903 3617 936 3672 τά
949 3613 1010 3672 ’όντα
1023 3617 1068 3672 καί
1085 3615 1262 3695 ἀπερίληπτοι
1276 3622 1331 3672 τῶν
1347 3623 1422 3674 θεῶν

300 3717 327 3771 αί
348 3714 448 3777 δόσεις·
472 3715 527 3772 νυνί
548 3712 575 3770 δέ
594 3716 642 3779 τὰς
663 3716 730 3794 πρὸς
750 3715 798 3778 τάς
819 3713 908 3794 ψυχὰς
928 3717 983 3769 τῶν
1001 3719 1073 3770 θεῶν
1093 3713 1226 3793 ἐνεργείας
1241 3712 1420 3793 παραδίδωσι·

299 3810 466 3884 παραδίδωσι
477 3810 558 3868 δέκα).
569 3813 617 3876 τάς
628 3811 755 3891 τέσσαρας
771 3810 867 3874 ταότας
883 3811 980 3886 μανίας
996 3810 1048 3892 οὐχ
1063 3811 1100 3874 ὡς
1116 3809 1178 3891 οὐχὶ
1191 3812 1236 3868 καὶ
1254 3819 1317 3886 μιᾶς
1333 3811 1421 3869 αὐτῶν

302 4071 363 4192 Εθιψ
377 4075 467 4204 ψντοῖς
482 4069 590 4136 φθάσασι
605 4069 689 4121 2³81)
753 4070 785 4121 26
802 4071 915 4137 ἀλλαχοῦ
934 4082 958 4120 e.
977 4082 1003 4134 g.
1024 4069 1083 4119 Ion.
1101 4069 1147 4119 533
1170 4069 1215 4130 (cf.
1240 4067 1350 4119 Conoio.
1374 4068 1420 4119 215

330 4274 431 4397 ΤΙἹὲέ
452 4276 554 4343 ἀπορία.
577 4270 647 4334 λόσις
668 4279 692 4325 Α
755 4273 787 4326 20
806 4278 862 4344 περί
884 4283 1016 4341 μουσικῆς,
1039 4279 1189 4340 τελεστικῆς,
1211 4284 1337 4340 μαντικῆς,
1356 4279 1420 4344 ἐρω-

240 4363 243 4372 ·
299 4355 366 4412 τικῆς

330 4477 377 4526 NG
402 4478 416 4526 l
438 4476 499 4526 ίοτί.
524 4472 630 4540 ἠδύνατο
652 4477 744 4538 <ἀν>
807 4478 910 4542 όπως]
936 4487 970 4554 πῇ
991 4481 1018 4529 Μ
1084 4483 1213 4532 ένθουσιᾶν
1230 4484 1254 4530 Λ
1318 4481 1420 4546 ἄγαλμα

299 4549 393 4612 scripsi
413 4565 419 4599 :
440 4547 573 4612 ἀγάλματα
591 4548 652 4598 libri
716 4553 730 4599 5
748 4549 793 4601 οὐκ
811 4551 914 4616 ἐνεργεῖ]
931 4555 1026 4618 ένεργεῖ
1045 4551 1075 4604 οὐ
1092 4552 1119 4601 Μ
1183 4552 1199 4602 8
1218 4547 1311 4604 οἷόντε
1326 4553 1420 4602 addidi

298 4633 395 4672 sensus
413 4632 497 4670 causa
559 4619 590 4670 12
605 4621 678 4684 θεῶν]
694 4625 760 4672 θείαν
782 4623 808 4671 Μ
875 4623 903 4672 17
920 4625 1037 4687 παντελῆ]
1058 4631 1173 4691 πανταχῆ
1194 4624 1221 4672 Μ
1287 4623 1318 4674 18
1333 4627 1419 4676 τελεσ-

297 4697 340 4742 τοῦ
356 4691 408 4741 ΕΜ
427 4705 434 4741 :
452 4694 551 4742 τιλιτοῡ
569 4695 592 4741 Α
656 4693 687 4742 20
703 4703 751 4744 τῶν
766 4697 827 4744 θεῶν
843 4695 877 4744 Α1
893 4709 898 4743 :
917 4697 961 4744 τοῦ
976 4697 1032 4746 θεοῦ
1048 4696 1112 4745 A⁴M
1177 4697 1208 4747 22
1228 4693 1321 4762 μόνων]
1342 4701 1418 4759 μόνον

300 4765 327 4814 Μ
392 4761 603 4829 23ιις1πρὸςΜ
