3604 5690
436 639 483 692 ηις
807 629 947 683 ενιιιιιοι·
967 631 1165 683 οιιοεοοοτ

339 786 404 854 [175]
438 787 483 842 Λιδ
500 786 545 842 καί
560 787 575 841 6
595 785 739 862 Σωκράτης
757 781 866 864 εὔχεται
885 783 915 840 τδ
935 783 1047 858 τίμιος
1066 785 1153 842 είναι
1171 785 1241 863 παρὰ
1259 791 1318 850 τοῖς
1335 785 1418 857 νέοις,
1439 785 1495 843 ἐπεὶ
1513 787 1558 842 καί

436 882 512 947 τέλος
532 881 683 940 ἐπὶτοῦτο
703 890 752 954 τῆς
773 881 912 962 έρωτικῆς·
934 881 1009 940 ούδὶν
1028 884 1080 963 γάρ
1097 880 1167 940 όίλλο
1185 882 1255 940 ἐστίν
1270 884 1285 940 6
1301 882 1376 961 λέγει
1389 884 1407 955 ἦ
1422 885 1558 964 ἀντέρωτα

436 977 511 1060 ἔχειν
531 979 594 1045 τούς
616 977 689 1044 νίους
710 978 789 1054 ἐμοῦ·
810 978 852 1036 διά
871 981 921 1059 γάρ
940 987 988 1037 τού
1007 987 1088 1053 τιμᾶν
1106 980 1187 1036 αύτθν
1206 979 1270 1043 τούς
1289 981 1364 1044 νέους
1383 981 1476 1037 καὶτὸ
1496 981 1557 1060 έράν

436 1072 577 1152 συμῦαίνει
591 1075 684 1134 αύτοῦ·
698 1082 777 1134 Ξεῖον
793 1075 822 1134 δί
832 1079 877 1134 καί
889 1078 991 1156 ἀγαθὸν
1003 1081 1021 1150 ἡ
1035 1080 1101 1153 τιμὴ
1118 1079 1156 1141 ὡς
1171 1078 1216 1134 καί
1230 1077 1311 1142 αύτός
1325 1099 1406 1157 φησιν
1418 1076 1555 1159 άλλαχοῡ.

388 1222 403 1272 5
476 1231 530 1310 ἦς’.
553 1237 599 1310 Τῷ
620 1231 762 1312 πρόσθεν
783 1231 815 1290 δὲ
838 1231 867 1289 εί
887 1232 918 1288 τί
941 1254 992 1289 σοι
1013 1229 1116 1312 λόγῳ]
1139 1233 1196 1291 257
1219 1229 1255 1290 Β.

472 1375 614 1435 Τουτέστιν
636 1376 659 1434 εί
682 1375 710 1433 δέ
728 1397 754 1432 τι
774 1373 878 1455 είρηται
899 1376 937 1441 είς
957 1377 987 1432 τὸ
1008 1373 1096 1451 ’ύνομά
1115 1397 1161 1432 σου
1181 1381 1228 1432 τού
1247 1374 1364 1454 Ἔρωτος
1384 1376 1520 1456 ἀπηχὲς,
1541 1379 1555 1434 6

434 1475 534 1540 Λυσίας
556 1474 643 1540 αίτιος
662 1475 814 1553 ἀναγκάσας
833 1474 952 1554 Φαῖδρον
973 1476 1107 1540 τοιούτοις
1130 1477 1284 1555 χρήσασθαι
1306 1473 1408 1553 λόγοις.
1430 1475 1558 1533 -Ἐπὶ

433 1572 638 1654 φιλοσοφίαν
657 1571 690 1632 δέ
706 1573 825 1652 ὥσπερ,
846 1575 891 1629 καί
908 1575 941 1629 τά
963 1571 1034 1645 ἑξῆς·
1056 1572 1124 1629 κατὰ
1143 1573 1296 1648 ὁμοιότητα
1314 1579 1362 1629 τού
1380 1575 1462 1632 θείου
1480 1575 1525 1632 καί
1543 1576 1558 1630 6

434 1678 473 1747 τῷ
487 1669 544 1730 όντι
558 1671 707 1754 φιλόσοφος
722 1671 838 1728 ίσταται·
853 1671 944 1752 ὥσπερ
957 1673 1008 1750 γάρ
1022 1672 1052 1728 τὸ
1067 1678 1146 1730 εεῖον
1161 1678 1225 1728 πᾶσι
1239 1673 1371 1750 προτείνει
1385 1672 1509 1753 ἀφθόνως
1525 1674 1558 1730 τδι

375 1766 404 1815 ¹⁰
435 1769 523 1847 ύγαθά
538 1769 676 1850 (φθόνος
691 1770 751 1848 γὰρ
766 1767 827 1836 ἔξω
841 1767 937 1826 Βείου
951 1767 1067 1849 χοροῦ)
1085 1764 1289 1844 μεταλαμῦάνει
1303 1768 1331 1826 δὲ
1346 1772 1360 1826 6
1374 1771 1500 1853 πεφυκὼς
1511 1771 1557 1827 καὶ

435 1870 450 1924 6
465 1864 629 1940 ίπιτηδειος,
644 1867 690 1924 τὸν
706 1866 783 1924 αύτδν
796 1867 894 1946 τρόπον
907 1869 951 1923 καὶ
966 1869 980 1923 6
997 1868 1145 1946 Σωκράτης
1158 1875 1222 1924 πᾶσι
1234 1868 1267 1924 τά
1282 1867 1369 1946 ἀγαθά
1386 1867 1556 1945 βουλόμενος

436 1963 544 2046 εὔχεται
564 1966 628 2045 ὑπὲρ
642 1969 690 2021 τοῦ
704 1966 816 2035 Λυσίου,
834 1965 878 2022 ίνα
897 1965 993 2040 μηκέτι
1007 1972 1116 2023 τοιαῦτα
1133 1966 1272 2047 συγγράφη
1289 1964 1355 2022 ἀλλὰ
1371 1966 1404 2023 τά
1424 1965 1558 2041 δυνάμενα

435 2063 553 2145 ὠφελεῖν
568 2063 632 2125 τοίις
646 2063 732 2128 νέους.
750 2097 788 2106 -
804 2063 831 2120 ‘0
844 2062 873 2120 δὲ
888 2062 1103 2144 Πολέμαρχος
1115 2062 1232 2143 ἀδελφός
1246 2063 1300 2121 ἐστι
1315 2063 1424 2136 Λυσίου,
1441 2065 1473 2121 οὔ
1489 2067 1555 2140 μέμ-

434 2184 514 2235 νηται
526 2162 554 2219 ἐν
565 2167 599 2239 τῇ
614 2160 741 2234 Πολιτεία
753 2159 943 2226 ἐπιδιώκοντος
955 2163 1001 2218 τὸν
1017 2163 1165 2241 Σωκράτην
1177 2163 1222 2219 καῖ
1237 2161 1431 2237 ἐπιθυμοῦντος
1445 2163 1557 2220 ἀκοῦσαι

373 2253 403 2304 15
435 2259 527 2324 αύτού,
543 2293 583 2306 -
596 2260 631 2316 Τό
647 2258 675 2317 δὲ
691 2260 810 2335 μηκέτι
825 2259 1074 2340 έπαμφοτερίζη
1088 2259 1132 2317 ίνα
1147 2259 1246 2334 μηκέτι
1260 2265 1297 2337 τῷ
1311 2259 1395 2332 Λυσία
1409 2265 1555 2340 προσχωρῇ

433 2359 479 2415 καί
498 2355 598 2430 ἕπηται
617 2358 663 2414 καί
683 2360 765 2432 ἡμῖν,
789 2355 860 2414 ἀλλὰ
879 2357 944 2431 μίαν
962 2357 1077 2435 γνώμην
1096 2357 1161 2438 ἔχη.
1182 2363 1267 2414 Τούτο
1287 2355 1315 2414 δὲ
1331 2357 1416 2430 εἶπεν,
1433 2356 1556 2428 ὲπειδηό

435 2453 568 2528 δεσπότης
581 2454 668 2536 Ἔρως
682 2453 776 2512 ἕνωσιν
790 2457 834 2512 καί
850 2455 916 2530 μίαν
929 2454 1061 2535 άρμονίαν
1074 2458 1143 2530 ἡμῖν
1155 2456 1315 2536 παρέχεται,
1331 2462 1383 2511 πᾶν
1397 2456 1427 2511 τὸ
1442 2451 1556 2512 διπλοῦν

434 2555 479 2611 καί
493 2551 639 2633 ἀλλότριον
653 2555 698 2612 καί
711 2559 799 2610 πάσαν
813 2553 942 2625 τοιαύτην
957 2553 1090 2632 ἐνέργειαν
1109 2553 1362 2626 άποσκευαζόμενος
1374 2555 1502 2625 <καῖ>
1517 2553 1555 2616 είς

433 2651 529 2710 ἓνωσιν
547 2652 633 2710 πάντα
654 2651 737 2731 άγοιν·
760 2659 840 2710 τοῦτο
861 2651 908 2709 οὖν
927 2649 998 2730 λέγει
1017 2651 1058 2708 ότι
1075 2651 1121 2709 ’ίνα
1137 2653 1182 2708 καὶ
1201 2653 1216 2708 6
1238 2649 1355 2731 Φαῖδρος
1375 2651 1443 2708 κατά
1462 2650 1557 2710 ἕνωσιν

372 2745 404 2795 ²⁰
436 2749 544 2830 ἐνεργῇ.

475 2895 530 2976 ίγζᾏ
553 2896 639 2956 Ἀλλ’
663 2896 775 2994 ιἰπιλιῖις
796 2899 876 2977 πρθς
899 2897 1035 2977 Ἔρωτα]
1058 2899 1115 2958 257
1139 2898 1175 2957 Β.

474 3044 525 3095 Τοῦ
547 3039 598 3118 γάρ
619 3039 678 3116 βίου
698 3041 798 3104 παντὸς
817 3032 931 3111 καὶτῆς
951 3039 1139 3102 καταστάσεως
1161 3039 1328 3117 καθηγεμὼν
1350 3042 1432 3114 ἡμῶν
1454 3041 1521 3096 ἐστιν
1542 3043 1557 3097 6

434 3134 531 3215 Ἔρως.
547 3142 631 3194 Τοῦτο
647 3136 694 3194 ούν
709 3135 819 3218 εὔχεται
829 3137 874 3194 ’ίνα
887 3139 932 3194 καὶ
946 3139 993 3195 τόν
1010 3138 1068 3214 βίον
1080 3145 1128 3194 τού
1143 3136 1242 3194 Λυσίου
1255 3137 1340 3194 πάντα
1356 3137 1395 3201 είς
1409 3137 1440 3194 τὸ
1454 3137 1557 3195 άπλούν

433 3235 478 3290 καί
492 3233 593 3306 άληθὶς
608 3235 756 3312 κατευθύνη
774 3238 788 3292 6
804 3235 902 3316 Ἔρως,

371 3387 402 3437 25
474 3383 533 3462 ίγηᾛ
560 3385 764 3465 Συνεύχομαί
787 3408 838 3443 σοι
860 3385 882 3441 ὦ
906 3385 1091 3464 Σώκρατες]
1115 3387 1172 3445 257
1199 3385 1234 3445 Β.

473 3528 508 3584 Τὸ
524 3528 573 3602 μὶν
589 3529 793 3609 συνεύχομαι
809 3529 895 3603 εἶπεν,
912 3526 1005 3598 ἐπειδὴ
1021 3531 1038 3598 ἡ
1054 3533 1108 3584 τῶν
1126 3525 1241 3584 πολλῶν
1258 3527 1326 3608 εύχὴ
1345 3526 1420 3584 ἀνύει
1434 3526 1515 3585 πλέον
1531 3548 1557 3584 τι

434 3631 483 3683 τοῦ
497 3626 557 3691 ἑνὸς
578 3623 685 3706 ἀνδρός.
702 3661 741 3670 -
755 3627 790 3684 T6
807 3624 836 3683 δέ
854 3623 946 3706 ε’ίπερ
967 3623 1105 3701 άμεινον
1124 3623 1166 3682 δεῖ
1183 3632 1273 3683 ποιεῖν
1292 3626 1387 3696 κοινὴν
1404 3628 1454 3698 τὴν
1473 3625 1556 3705 εύχήν

432 3725 484 3795 τὴν
498 3725 644 3784 κοινωνίαν
658 3729 712 3782 τῶν
726 3728 823 3806 ψυχῶν
838 3725 1106 3800 άπομαντευύμενον·
1124 3726 1194 3798 ὁμοῦ
1208 3725 1259 3803 γάρ
1273 3725 1343 3795 ἦσαν
1357 3725 1388 3780 τὸ
1401 3723 1483 3781 πάλαι
1498 3726 1558 3804 πρὶν

436 3821 525 3882 ἐλθεῖν
545 3825 583 3888 είς
601 3824 717 3903 γένεσιν.
736 3858 776 3871 -
793 3829 898 3881 Ταῦτα
916 3827 999 3900 ἡμῖν
1021 3823 1106 3880 εἶναι
1127 3823 1213 3896 εἶπεν,
1235 3821 1327 3892 ἐπειδὴ
1348 3823 1379 3880 ού
1398 3823 1505 3886 πάντως
1523 3823 1557 3879 τά

372 3921 404 3972 ³⁰
434 3924 589 3994 καθήκοντα
603 3919 673 4002 τῷδε
690 3928 727 4002 τῷ
747 3921 880 4004 άνθρόνπῳ
899 3924 944 3979 καὶ
961 3921 1028 4001 τῷδε
1047 3925 1172 3995 καθήκει·
1194 3919 1256 3979 οὔτε
1278 3923 1334 3996 μὴν
1348 3919 1428 3997 ίδμεν
1445 3922 1478 3978 τά
1495 3917 1557 3977 καθ’

465 4151 611 4217 θάλλαχοῦ
627 4147 968 4215 Le9.v727A:01.195.³
1032 4147 1063 4196 10
1074 4145 1291 4214 φθόνος-χοροῦ
1303 4145 1383 4195 247Α
1445 4143 1477 4194 14
1491 4141 1554 4207 Rep.

434 4221 510 4273 1327
528 4223 550 4272 Β
613 4223 645 4271 15
660 4221 696 4271 σί.
713 4218 797 4271 schol.
814 4219 848 4269 ad
862 4219 908 4271 257
926 4219 949 4268 B
966 4221 1001 4282 (p.
1017 4217 1062 4268 271
1084 4217 1189 4278 Herm.)
1205 4219 1394 4291 θπαμφοτερίζη.
1413 4214 1554 4286 Λυσίακαὶ

435 4296 491 4358 ἐμοὶ
506 4293 636 4362 Σωκράτει
651 4295 740 4357 ἕπηται

468 4429 515 4482 Nc
531 4432 544 4481 1
563 4428 636 4494 εῖναι]
652 4431 721 4481 ἵσταν
735 4433 771 4478 Α·
781 4425 841 4488 (sed
854 4423 918 4476 ιίναι
930 4423 959 4472 in
974 4435 1059 4486 marg.
1073 4425 1098 4483 a)
1161 4422 1177 4472 2
1194 4421 1275 4487 οὐδὲν]
1290 4422 1348 4474 οὐδὲ
1363 4423 1391 4472 Μ
1456 4421 1471 4470 5
1486 4429 1553 4489 τῷ,τ

435 4502 509 4554 rubr.
525 4505 550 4552 Α
612 4501 628 4552 6
645 4497 750 4567 άιιηχίς]
764 4497 856 4562 ἀπηνές
879 4495 948 4545 Plat.
1012 4495 1028 4542 9
1043 4493 1152 4559 ἵσταται]
1171 4498 1298 4561 ἱστόρηται
1315 4495 1347 4542 Λ1
1364 4493 1443 4554 (torte
1456 4492 1554 4544 ἵσταται

435 4581 496 4640 post
506 4578 585 4644 χοροῦ
595 4571 800 4637 reportandum)
865 4569 895 4620 Ιθ
910 4569 999 4634 ίχειΑ
1064 4566 1096 4617 18
1108 4565 1202 4632 πᾶσαν]
1213 4565 1344 4617 πασῶνΜ
1408 4567 1451 4616 καί
1461 4561 1554 4614 addidi

499 4647 529 4697 19
549 4644 627 4712 ἅγιον]
648 4643 749 4708 άνάγων
773 4641 802 4690 Μ
866 4641 894 4690 21
918 4639 982 4700 ἀλλ’,
1003 4638 1019 4690 ά
1043 4637 1116 4687 rubr.
1140 4642 1163 4687 A
1227 4637 1257 4687 23
1278 4635 1358 4688 πάντα
1379 4631 1444 4686 εἶναι
1464 4635 1492 4684 Μ

435 4719 466 4768 25
488 4713 653 4783 συνεύχομαι,
668 4734 686 4767 σ
696 4713 770 4765 rubr.
785 4714 809 4763 A
824 4707 987 4778 (ξυνεύχομαι
1003 4708 1031 4759 Μ
1046 4709 1084 4759 id.
1098 4709 1138 4774 26)
1202 4708 1233 4758 27
1248 4707 1303 4772 τοῦ]
1315 4706 1381 4770 τῆςί
1445 4705 1476 4756 29
1488 4705 1556 4757 ταῦθ’

438 4787 505 4838 plat.
570 4787 601 4837 30
619 4789 692 4850 ίσμιν
710 4785 739 4835 Μ
