3604 5690
475 581 531 644 ΕΙΣ
551 582 613 632 ΤΟΝ
636 582 811 634 111111111οΣ
833 583 977 636 mmor<
1000 584 1122 637 ΣΧΟΑΙΔ
1319 598 1365 649 215

141 743 200 809 [1781
232 743 309 795 θεῶν
328 737 374 795 καί
394 735 556 816 ἀνθρώπων)
575 737 622 794 τὸν
641 736 720 794 αύτὸν
737 737 836 817 τρόπον
855 739 900 796 καί
919 737 962 796 ἐπὶ
977 739 1109 817 τεττίγων
1128 747 1212 799 ποιεῖ·
1229 743 1295 824 φησὶ
1314 743 1365 823 γὰρ

232 832 442 915 διαπορθμεύειν
460 835 505 892 καί
526 833 704 913 ἀπαγγέλλειν
721 835 754 892 τιῖ
772 834 836 910 παρ’
854 839 938 912 ἡμῶν
956 843 1013 902 τοῖς
1031 843 1123 902 θεοῖς·
1146 836 1235 912 δῆλον
1254 838 1302 897 οὖν
1322 840 1366 897 ότι

142 953 164 1003 p.
174 939 217 990 179
234 931 368 1010 δαίμονας
389 933 508 1011 ἀγαθούς
524 932 619 998 αύτούς
635 932 762 1010 βούλεται
783 935 863 995 εἶναι,
879 971 919 982 -
932 935 968 993 Τὸ
986 933 1014 993 δῖ
1031 933 1121 994 δοῖεν
1144 937 1363 1016 ἀγαΙσθέντες,

233 1031 274 1089 δτι
289 1032 323 1088 οιῖ
336 1030 569 1106 καθειλκύσθημεν
584 1032 697 1102 ὑπὸτῆς
710 1030 894 1110 γλυκυθυμίας
907 1031 981 1091 ἀλλὰ
995 1033 1025 1092 εύ
1041 1034 1189 1110 έζήσαμεν·
1205 1037 1233 1092 αί
1245 1038 1297 1116 γὰρ
1312 1043 1367 1095 τῶν

188 1137 202 1184 5
233 1130 386 1209 ἀνθρώπων
407 1130 503 1210 ψυχαί,
525 1129 586 1186 όταν
604 1130 699 1194 καλῶς
728 1131 840 1202 ζήσασαι
865 1131 1096 1206 ἀποκαταστΐυσιν,
1123 1131 1219 1190 θπαδοῖ
1244 1134 1366 1213 γίνονται

233 1233 310 1285 θεῶν
324 1229 343 1300 11
360 1226 499 1304 δαιμόνων
514 1227 531 1299 ἢ
546 1227 655 1308 ἡρώων,
670 1229 716 1286 καί
731 1229 829 1301 έκιίατη
846 1228 938 1288 ἕπεται
952 1235 989 1308 τῷ
1010 1229 1106 1305 οἰκείῳ
1121 1237 1190 1306 θεῷ.
1209 1266 1247 1276 -
1264 1234 1364 1292 Φιλύ·

235 1347 361 1400 μουσον
382 1325 411 1383 δέ
432 1325 491 1382 ἀντὶ
511 1333 560 1383 τοῦ
582 1326 739 1408 φιλόσοφον.

276 1483 339 1563 ριζ’.
363 1485 504 1562 Λέγεται
526 1481 559 1540 δὶ
580 1483 624 1548 ὼς
645 1481 719 1540 ποτ’
738 1481 834 1564 ἦσαν]
857 1485 916 1542 259
938 1483 975 1549 Β.

275 1631 307 1688 ‘11
327 1632 431 1712 θεωρία
450 1638 499 1689 τοῦ
518 1631 604 1706 μύθου
621 1633 689 1703 αὕτη
710 1629 777 1688 ἐστί·
798 1631 867 1695 τινἐς
885 1631 935 1706 μέν
951 1631 1003 1712 γάρ
1021 1652 1100 1712 φασιν
1115 1631 1157 1688 ότι
1171 1633 1232 1712 πρίν
1242 1633 1366 1710 γενέσθαι

172 1733 204 1785 1θ
235 1731 408 1795 Μούσαςκαὶ
423 1731 618 1810 πρῖνγενέσθαι
634 1731 766 1806 μουσικὴν
782 1728 913 1810 [λέγουσιν
928 1728 979 1809 ότι]
994 1731 1064 1802 ἦσαν
1083 1732 1109 1787 οί
1125 1729 1262 1812 ἄνθρωποι
1281 1729 1367 1806 ἄμου-

236 1850 291 1886 σοι·
307 1825 501 1906 γενομένων
517 1824 549 1884 δὲ
562 1832 616 1884 τῶν
633 1831 768 1884 Μουσῶν
785 1825 906 1905 ἐγένοντο
921 1827 1055 1903 μουσικοί·
1071 1833 1129 1893 πῶς
1141 1829 1193 1908 γὰρ
1205 1827 1255 1885 ούκ
1267 1826 1367 1886 ἄτοπον

234 1925 289 2003 πρὸ
309 1929 366 1980 τῶν
383 1929 456 1982 θεῶν
474 1923 536 1987 τούς
557 1924 713 2004 δνθρύπους
733 1925 888 2002 γεγονέναι;
904 1923 935 1980 Ἡ
951 1923 979 1981 δὲ
994 1918 1119 2002 ἐξήγησις
1132 1931 1180 1983 τοῦ
1195 1924 1274 1983 θείου
1289 1924 1366 2001 '1221-

236 2017 342 2104 θλίχου
362 2023 508 2100 ῥηθήσεται
527 2027 584 2079 νῦν·
602 2023 758 2101 ἀνθρώπους
775 2022 849 2101 λέγει
865 2024 912 2087 τίς
928 2023 1017 2104 ψυχὰς
1036 2023 1082 2087 τὰς
1101 2023 1129 2081 ἐν
1148 2028 1185 2100 τῷ
1201 2029 1292 2097 νοητῷ
1307 2022 1366 2082 δια.-

236 2121 381 2201 τριψσίσιις·
399 2122 426 2177 αί
441 2121 492 2200 γὰρ
507 2121 604 2200 ψυχαὶ,
618 2123 678 2201 πρίν
693 2121 738 2178 τὸν
754 2122 854 2194 θνητὸν
871 2120 932 2198 βίον
947 2119 1120 2194 διαζήσωσιν,
1135 2119 1190 2178 ἀ’νω
1207 2123 1271 2179 είσῖν
1285 2122 1313 2178 ἐν
1328 2127 1365 2200 τῷ

176 2227 204 2275 15
236 2225 340 2294 νοητῷ,
358 2218 426 2276 αύτδι
440 2220 474 2276 τὰ
488 2217 549 2291 εῖδη
565 2226 729 2299 θεωροῦσαι,
745 2221 804 2294 ἅμα
816 2225 876 2283 τοῖς
892 2226 974 2284 θεοῖς
989 2226 1050 2278 τοῖς
1066 2220 1258 2299 ὑπερκοαμίοις
1275 2219 1363 2278 ούσαι·

237 2319 328 2382 ούτως
344 2315 391 2374 οὖν
405 2319 431 2374 ο1
447 2315 581 2397 ἄνθρωποι
591 2319 661 2388 ἦσαν
675 2319 736 2398 πρίν
747 2319 869 2398 γενέσθαι
878 2317 925 2382 τὰς
936 2317 1052 2387 Μούσας,
1064 2319 1184 2375 τουτέστι
1194 2318 1242 2383 τὰς
1253 2317 1366 2400 σφαίρας

237 2418 284 2472 καί
302 2416 349 2472 τὸν
369 2414 499 2487 αἰσθητόν
516 2415 632 2490 κόσμον.
654 2417 689 2472 Τὸ
709 2413 736 2472 δέ
753 2416 830 2495 πρίν
847 2436 882 2494 γε
903 2417 941 2490 μὴ
961 2415 1054 2496 χρόνῳ
1076 2415 1194 2491 ἀκούσης
1213 2413 1286 2472 ἀλλὰ
1304 2418 1365 2495 πρίν

238 2516 277 2578 εἷς
292 2515 322 2571 τὸ
339 2513 457 2594 ἐμφανές
473 2513 574 2585 ταύτην
592 2516 643 2584 τὴν
656 2513 772 2593 πρόοδον
785 2513 907 2591 γενέσθαι
921 2518 975 2570 τῶν
996 2519 1123 2594 σφαιρῶν·
1141 2513 1209 2584 αύτη
1225 2514 1276 2594 γάρ
1296 2512 1365 2571 ἐστιν

237 2617 256 2684 ἡ
271 2613 376 2691 γένεσις
388 2615 442 2668 τῶν
458 2615 573 2669 Μουσῶν
591 2615 608 2682 1,
626 2607 751 2692 ἔκφανσις
769 2615 787 2683 ἡ
803 2611 855 2668 αἰτιδ
869 2619 918 2670 τοῦ
936 2609 1102 2690 δημιουργοῦ
1118 2613 1251 2689 γενομένη
1266 2613 1305 2676 εἰς
1320 2612 1366 2668 τὸν

176 2715 207 2764 110
240 2711 369 2784 αἰσθητὸν
389 2710 505 2786 κόσμον.
528 2709 613 2766 Ἦσαν
632 2709 679 2766 οὖν
698 2713 725 2767 οί
745 2707 881 2789 ἀ’νθρωποι
903 2709 930 2766 ἐν
949 2715 988 2783 τῷ
1007 2715 1098 2784 νοητῷ
1117 2709 1224 2784 κόσμῳ·
1242 2710 1301 2786 ἅμα
1319 2709 1366 2767 οὗν

238 2808 362 2888 ἐγένοντο
382 2809 411 2864 αῖ
431 2813 536 2866 Μοῦσαι
552 2810 598 2866 καὶ
612 2809 640 2864 αί
660 2815 770 2889 σφαῖραι
784 2809 829 2865 καί
846 2810 860 2865 6
875 2809 998 2880 αἰσθητὸς
1012 2807 1113 2882 κόσμος
1126 2809 1202 2878 καὶὴ
1219 2807 1272 2880 όλη
1288 2810 1364 2890 ψυχὴ

237 2913 286 2964 τοῦ
305 2906 406 2972 παντὸς
422 2907 539 2981 κόσμου,
558 2904 748 2986 συμπροῆλθον
763 2907 808 2962 καί
822 2908 850 2963 αῖ
867 2907 974 2986 μερικαί
987 2907 1072 2986 ψυχαί
1092 2908 1120 2962 αί
1135 2911 1189 2962 τῶν
1205 2906 1363 2985 ἀνθρώπων·

238 3008 285 3062 καὶ
298 3007 346 3063 ἅτε
360 3004 393 3078 δὴ
409 3002 546 3070 νεοτελεῖς
562 3003 639 3061 ούσαι
653 3005 698 3061 καῖ
714 3007 828 3080 μνήμην
843 3001 955 3085 ἔχουσαι
968 3009 1021 3060 τῶν
1035 3003 1103 3076 ἐκεῖ,
1118 3003 1283 3084 ἀπόττροφοι
1298 3005 1366 3076 ἦσαν

239 3112 290 3176 τῆς
307 3104 442 3182 γενέσεως
460 3104 505 3158 καί
521 3103 570 3159 οὐκ
588 3101 689 3173 ἤθελον
704 3098 767 3159 ούδέ
781 3107 876 3182 φαγεῖν
890 3101 950 3159 ούδὶ
965 3108 1049 3174 πιεῖν,
1064 3101 1184 3160 τουτέστι
1201 3099 1365 3178 μεταλαθεῖν

178 3203 209 3254 25
241 3203 372 3275 αἰσθητῆς
394 3199 475 3273 δόξης
498 3200 547 3256 ούιι
567 3195 731 3272 ἠθούλοντο·
751 3198 829 3280 εἶχον
850 3199 901 3279 γὰρ
923 3201 973 3272 τὴν
995 3202 1096 3272 νοητὴν
1117 3202 1229 3281 τροφήν·
1255 3197 1295 3257 διδ
1316 3200 1366 3256 ύτιὸ

241 3302 326 3378 λιμοῦ
340 3306 395 3356 τῶν
410 3300 519 3356 ἐνταῦθα
534 3298 677 3369 ἀπέθανον,
694 3299 752 3354 οἰντίΙ
766 3303 813 3354 τοῦ
829 3297 999 3380 ἀνήχθησαν.

284 3450 350 3531 ριη’.
374 3449 567 3524 Γενομένων
590 3446 623 3504 δὲ
643 3444 793 3528 Μουσῶν]
816 3447 875 3506 259
899 3447 934 3506 Β.

282 3595 407 3656 Τουτέστι
424 3592 542 3675 προόδου
561 3597 712 3673 γενομένης
728 3595 836 3652 καὶτοῦ
852 3595 979 3668 αίσθητυῦ
994 3595 1099 3672 κόσμου
1113 3595 1208 3654 τούτου
1226 3598 1367 3678 φανέντος,

243 3697 295 3754 καί
309 3695 464 3777 φανείσης
480 3690 565 3769 ᾠδῆς
578 3694 623 3750 καὶ
638 3693 779 3773 ἁρμονίας·
795 3695 911 3772 ἁρμονία
926 3692 954 3752 δέ
969 3693 1039 3752 ἐστιν
1056 3696 1082 3753 ἐν
1096 3702 1153 3759 νοῖς
1168 3697 1214 3752 καί
1227 3695 1254 3753 έν
1267 3699 1368 3778 ψυχαῖς

143 3799 226 3853 Mer·
243 3796 288 3852 καῖ
308 3795 336 3852 έν
353 3799 416 3856 ταῖς
432 3792 554 3873 σφαίραις
574 3789 579 3872 Ι
597 3792 642 3848 καὶ
663 3790 940 3874 &mim-'1¹6'
961 3792 1084 3866 ἡδονῆς
1106 3792 1145 3866 δὲ,
1166 3793 1299 3852 τουτέστιν
1319 3795 1369 3851 ὑπὸ

242 3901 291 3965 τῆς
305 3891 384 3954 θείας
402 3889 580 3970 εὐφροσύνης.
598 3923 637 3934 -
650 3889 685 3946 Τὸ
703 3886 732 3946 δέ
750 3885 868 3948 ἔλαθον
885 3890 1161 3964 τελευτήσαντες·
1183 3894 1245 3972 ὁρᾷς
1264 3892 1305 3949 ότι
1323 3893 1369 3949 καὶ

246 3991 356 4049 ἐνταῦθα
372 3991 386 4046 6
400 3995 439 4063 τῷ
454 3985 510 4044 ὄντι
524 3985 673 4068 φιλόσοφος
689 3988 785 4068 δαρὸς
800 3993 858 4052 τοῖς
878 3989 938 4047 οὖσι
959 3985 1105 4069 διατρίθων
1122 3992 1155 4047 τὰ
1173 3989 1299 4066 ἐμποδὼν
1318 3991 1371 4072 ούχ

275 4183 289 4233 7
311 4184 466 4248 φιλόμουσον
487 4181 540 4231 ἀντὶ
561 4183 605 4230 τοῦ
630 4181 765 4243 φιλόσοφον
786 4176 872 4228 schol.
892 4177 938 4229 259
959 4177 981 4228 B
1002 4179 1102 4243 111872
1123 4178 1228 4240 Herm.)
1292 4178 1321 4228 12
1343 4178 1371 4228 in

244 4255 313 4305 libro
327 4249 477 4316 deperdito,
491 4250 546 4301 vid.
562 4250 588 4307 9,
604 4248 635 4304 10

388 4327 451 4374 λνκυ

277 4343 540 4451 ΝΟόέιτιθνμίαςΑ
605 4384 768 4435 5δπαδοίΜ
832 4384 1017 4451 θῆήρόιωνῆ
1036 4385 1206 4448 δαιμόνωνΜ
1272 4384 1373 4451 θλέγι·

244 4458 408 4521 τααλῑιιθτ.
425 4460 449 4506 Α
512 4458 533 4508 δ’
550 4455 619 4506 Plan.
685 4455 798 4521 9φασιν]
813 4458 886 4521 φησίν
902 4455 932 4505 Μ
997 4457 1033 4508 ὃτι
1047 4469 1103 4506 om.
1118 4455 1145 4504 Μ
1212 4455 1243 4507 10
1256 4457 1372 4522 λέγουσιν

245 4531 282 4582 ὃτι
296 4528 399 4581 seclusi
464 4527 492 4578 17
509 4529 566 4593 πρὶν
583 4527 651 4578 Plat.
718 4527 811 4594 χρόνῳ]
825 4531 917 4594 χρόνον
934 4528 961 4578 M
1027 4527 1058 4578 19
1075 4525 1201 4594 ’τ’κφανσις]
1220 4528 1325 4592 ῖμφασις
1343 4527 1371 4576 Μ

307 4600 337 4651 27
360 4617 401 4665 γιν
421 4600 509 4664 μένων,
533 4599 640 4663 γτυθι.
663 4601 686 4647 Α
751 4598 782 4648 28
805 4597 950 4665 γενομένης]
972 4601 1107 4664 γινομένου
1131 4599 1157 4649 Μ
1223 4598 1254 4648 29
1275 4600 1300 4649 έν
1321 4603 1373 4655 νοῖς

245 4687 299 4724 om.
319 4671 347 4720 Μ
428 4671 445 4717 11
465 4673 490 4720 έν
510 4676 572 4719 ante
588 4675 640 4728 ταῖς
660 4670 760 4720 om.M
826 4668 856 4718 31
875 4667 1040 4738 σωφροσύνης
1064 4667 1116 4720 ΜΕ
1181 4669 1324 4722 326ante
1338 4677 1371 4738 τῷ

248 4759 304 4798 om.
324 4743 352 4795 Μ
