3600 5734
486 612 532 663 180
864 603 1006 656 Eriiffloi·
1027 603 1223 654 ΦΙΛΟΣΟΦΟΥ

388 762 453 830 [159]
486 755 577 830 ἐπειδὴ
594 758 747 834 ἀσωμάτων
762 759 832 818 ίοτίν
846 763 864 832 ἡ
880 761 1007 842 ρρὸνησις
1021 762 1066 817 καὶ
1080 759 1107 818 έν
1120 759 1257 835 ἀσωμάτῳ
1272 759 1348 832 οὸσίᾳ
1366 767 1418 831 τῆς
1434 762 1526 840 ψυχῆς
1547 759 1609 837 ὁρᾶ-

484 878 538 916 ται.
550 857 580 914 Τί
595 857 641 914 οὖν
657 861 683 915 οῖ
698 856 842 940 ριλόσοροι
857 859 888 916 οὔ
902 861 964 938 περὶ
979 859 1066 916 έκεῖνο
1081 858 1186 934 μᾶλλον
1202 857 1359 932 ἐπτόηνται,
1374 857 1448 936 λέγω
1460 855 1492 928 δὴ
1508 857 1609 938 ρρὸνη·

486 977 537 1030 σιν,
559 953 731 1030 δικαιοσὸνην
751 959 796 1014 καί
814 959 847 1014 ri
867 957 965 1032 δμοια;
989 956 1074 1014 Ἀλλά
1092 956 1211 1036 λέγομεν
1225 957 1267 1014 δτι
1285 963 1330 1014 νῖν
1345 957 1376 1014 οὸ
1390 956 1450 1036 περί,
1464 961 1517 1012 τών
1531 955 1609 1036 ριλο-

486 1055 576 1136 σάρων
594 1061 649 1112 τών
667 1054 722 1128 ήδη
742 1056 913 1136 ἀναχθέντων
932 1057 986 1112 ἀπὸ
1002 1061 1057 1112 τών
1074 1054 1149 1112 εἰδῶν
1165 1055 1207 1112 έπῖ
1221 1055 1253 1112 r&
1267 1056 1352 1127 νοητὰ
1365 1055 1447 1134 λέγει,
1463 1053 1530 1112 ἀλλά
1546 1055 1607 1134 ττερίΙ

439 1157 453 1206 5
485 1158 533 1210 τοὸ
549 1153 679 1234 ἐρωτικοῦ
693 1160 740 1212 τοῦ
756 1153 799 1212 διά
813 1160 860 1212 τοῦ
877 1153 997 1218 κάλλους
1014 1152 1055 1211 ἐπ’
1073 1153 1174 1211 ἐκεῖνα·
1191 1150 1246 1212 ἔστι
1265 1151 1292 1211 ἀλ
1309 1155 1340 1210 τὸ
1357 1153 1485 1232 ἐρωτικὸν
1503 1150 1607 1214 πλάτος

486 1249 569 1311 πολύ.

528 1411 572 1480 ιζ’.
595 1417 658 1468 Νῦν
680 1409 713 1470 δέ
732 1411 855 1478 κάλλος
877 1413 990 1490 μόνον]
1013 1413 1072 1472 250
1095 1411 1133 1472 D.

527 1553 636 1627 Ἐπειδὴ
652 1554 785 1633 ἀναλογεῖ
800 1560 837 1633 τῷ
852 1538 920 1637 ρωτί
937 1557 979 1634 (τὸ
995 1555 1045 1635 γὰρ
1061 1555 1113 1612 ἀπὸ
1130 1560 1179 1612 τοῦ
1193 1555 1276 1626 ἡλίου
1296 1561 1352 1637 φῶς
1371 1553 1522 1613 συνδετικὸν
1540 1554 1608 1612 ἐστιν

487 1656 611 1734 ὁρατικοῦ
632 1655 677 1710 καί.
698 1655 806 1734 ὁρατοῖι·
829 1655 1002 1732 συζεὸγνυται
1023 1655 1074 1733 γὰρ
1096 1654 1185 1733 ὅρασις
1205 1656 1304 1734 ὁρατῷ·
1324 1655 1368 1711 καί
1387 1655 1491 1712 τούτων
1506 1655 1609 1733 γίνεται

424 1761 456 1812 10
486 1751 517 1809 τὸ
539 1757 595 1834 ρώς
619 1751 741 1832 δεσμός),
764 1753 811 1808 τὸν
836 1751 914 1809 αιίτὸν
938 1753 1038 1831 τρόπον
1062 1753 1107 1808 καί
1129 1753 1161 1808 τὸ
1185 1750 1288 1818 κάλλος
1312 1751 1462 1811 συνδετικὸν
1486 1752 1542 1810 έστι
1565 1754 1608 1808 καί

381 1855 395 1916 ,“
487 1852 614 1908 ένωτικὸν
634 1859 684 1923 τῆς
704 1855 796 1931 ψυχῆς
814 1851 880 1930 πρὸς
902 1851 1047 1929 ἀναγωγήν
1062 1855 1114 1908 τών
1128 1856 1244 1923 νοητῶν.
1261 1851 1372 1931 ’Ἔσχεν
1390 1850 1436 1908 οὖν
1451 1852 1608 1924 τοιαὸτην

490 1955 610 2030 μοῖραν
624 1950 655 2006 τὸ
669 1948 786 2022 κάλλος,
800 1950 830 2006 τὸ
843 1948 982 2030 διεγείρειν
994 1953 1069 2024 ἡμᾶς
1081 1951 1127 2006 καί
1140 1956 1225 2007 κινεῖν
1237 1952 1287 2022 τήν
1302 1951 1393 2032 ψυχήν
1410 1949 1452 2008 έπῖ
1467 1951 1500 2008 τά
1513 1951 1606 2021 νοητά.

530 2107 577 2180 ιη’.
601 2105 629 2164 '0
652 2109 710 2184 μὶν
732 2107 787 2165 οὖν
811 2110 853 2184 μή
875 2107 1048 2190 νεοτελής]
1071 2111 1129 2168 250
1152 2109 1189 2168 E.

526 2259 578 2311 Τοῦ
598 2253 778 2329 ἐπιστήμονός
799 2253 857 2311 ἐστι
876 2255 986 2319 καὶτὰς
1005 2255 1122 2319 πτώσεις
1142 2256 1186 2311 καὶ
1202 2255 1235 2311 τά
1255 2253 1362 2311 ἐναντία
1376 2259 1429 2310 τῶν
1443 2253 1607 2334 πραγμάτων

427 2362 457 2412 15
489 2359 617 2430 θεωρεῖν,
635 2353 673 2417 ώς
688 2353 732 2410 καί,
748 2353 891 2432 ίατροῡ.τά
905 2352 1005 2432 ὁγιεινά
1018 2354 1065 2410 καὶ
1080 2351 1200 2424 νοσώδη.
1222 2350 1351 2410 Βούλεται
1370 2351 1418 2409 οὖν
1436 2351 1480 2409 διά
1498 2358 1553 2410 τῶν
1567 2357 1609 2408 νῦν

487 2448 644 2528 λεγομένων
657 2452 706 2516 τὰς
722 2451 890 2516 ἀποπτώσεις
903 2457 951 2508 τοῦ
967 2449 1067 2531 ἔρωτος
1082 2457 1200 2530 αεωρεῐν
1215 2451 1260 2508 καί
1278 2450 1361 2508 εἰπεῖν
1375 2456 1435 2514 πῶς
1453 2451 1609 2531 ὁπορέρεται

489 2549 527 2612 τίς
541 2547 696 2606 ἀκολασίαν·
714 2550 822 2630 ὕστερον
836 2551 887 2630 γάρ
901 2547 975 2627 λέγει
989 2549 1035 2606 καί
1049 2551 1081 2606 τά
1095 2549 1306 2628 κατορθώματα,
1321 2549 1362 2606 δτι
1377 2549 1457 2629 ρησῖν
1470 2573 1485 2604 ι(
1501 2552 1519 2620 ἡ
1535 2550 1607 2628 ψυχὴ

487 2651 505 2718 ἡ
523 2650 565 2722 μή
584 2646 748 2719 νεοτελής,
764 2651 781 2720 ή
799 2651 837 2723 μή
852 2647 1088 2723 πολυθεάμων,
1105 2651 1122 2719 i,
1139 2647 1269 2727 συντυχίᾳ
1282 2647 1327 2704 καί
1345 2646 1416 2724 λήθη
1431 2649 1608 2728 χρησαμένη,

489 2747 579 2826 ὁρώσα
592 2747 623 2803 τὸ
635 2745 734 2813 κάλλος
745 2747 781 2804 οίι
796 2741 937 2817 σέὸεται,
950 2745 1023 2806 ἀλλά
1033 2745 1112 2819 δίκην
1126 2744 1331 2826 τετράποδος
1348 2746 1418 2822 ζῴου
1433 2747 1562 2824 βαίνειν
1575 2746 1611 2808 είς

426 2851 458 2901 2³0
490 2841 554 2898 αὐτὸ
567 2843 739 2923 ἐπιχειρεῖ,
757 2867 771 2897 ιι
788 2877 827 2888 -
841 2849 881 2922 Τῷ
894 2843 922 2901 δέ
939 2843 1067 2920 βαίνειν
1082 2842 1218 2924 έχρήσατο
1232 2842 1297 2922 ὅπερ
1312 2841 1421 2918 μᾶλλον
1430 2849 1489 2907 τοῖς
1505 2842 1611 2921 ἀλόγοις

490 2939 570 3013 ζῴοις
588 2942 709 3021 ἁρμόζει.
731 2977 770 2988 -
790 2942 1032 3022 Διειρθαρμὲνος
1049 2939 1078 2998 δὲ
1096 2944 1110 2997 6
1132 2942 1170 3014 μὴ
1191 2937 1264 3022 ἔχων
1284 2943 1335 3012 τήν
1353 2945 1479 3017 μνήμην.
1496 2975 1535 2988 -
1550 2941 1611 2998 Οὸκ

489 3035 589 3104 ὀξέως
610 3038 740 3098 ἐνθένδε
760 3039 804 3113 δὲ,
822 3033 958 3098 τουτέστιν
976 3040 1028 3097 ἀπὸ
1046 3045 1100 3096 τῶν
1116 3041 1250 3112 αἰσθητῶν
1264 3038 1358 3097 καλῶν
1373 3040 1557 3116 ἀναπέμπεται
1570 3040 1611 3098 έτιί

488 3138 518 3193 τὸ
533 3138 630 3209 νοητὸν
643 3136 740 3198 καλόν.
757 3174 796 3183 -
815 3137 908 3203 Καλῶς
927 3136 956 3196 δέ
973 3137 1163 3213 ίπωνυμίαν
1178 3137 1263 3211 εἶπεν,
1280 3137 1373 3210 ἐπειδὴ
1389 3138 1522 3217 βοὸλεται
1535 3139 1611 3218 πρώ-

488 3257 543 3298 τως
558 3235 590 3292 τά
606 3237 726 3312 ὀνόματα
742 3241 848 3295 κεῖσθαι
864 3243 922 3302 τοῖς
941 3243 1057 3311 νοητοῖς,
1074 3238 1119 3294 καί
1133 3237 1196 3302 τοὸς
1212 3236 1309 3317 σοροὺς
1322 3239 1540 3309 κατανοήσαντας
1554 3243 1610 3300 τοῖς

426 3342 456 3392 25
489 3333 588 3391 εἶ’δεσιν
608 3336 679 3391 οὸτω
696 3335 728 3392 τά
747 3335 858 3392 ἐνταῦθα
876 3335 903 3401 ἐξ
917 3335 1029 3393 ἐκείνων
1044 3335 1220 3410 ἐπονομάσαι.
1238 3334 1266 3392 '0
1280 3333 1308 3392 δὲ
1323 3335 1472 3416 ριλὸσορος
1488 3333 1611 3416 Ἀριστο-

488 3435 572 3506 τέλης
588 3441 645 3498 τοῖς
658 3434 797 3518 πράγμασι
810 3441 867 3500 τοῖς
882 3435 1018 3506 αἰσθητοῖς
1033 3435 1150 3514 πρώτως
1169 3433 1299 3512 βούλεται
1313 3437 1418 3492 κεῖσθαι
1431 3435 1464 3490 τά
1479 3435 1609 3509 ὀνόματα.

383 3538 472 3589 θ’θὸτ·
489 3567 527 3578 -
544 3533 611 3589 Θεώ
618 3553 713 3607 μενος
733 3531 791 3604 οὸν,
812 3533 888 3612 ρηοὶ,
904 3533 934 3589 τὸ
955 3533 1080 3604 αἰσθητὸν
1099 3531 1204 3598 κάλλος
1223 3533 1228 3610 Ι
1247 3532 1297 3589 οὐκ
1315 3531 1553 3610 ἀναμιμνήσκεται
1568 3530 1612 3593 ἀπ’

489 3631 570 3686 αὐτοῦ
586 3630 687 3688 ἐκείνου
704 3636 752 3688 τοῦ
771 3629 898 3702 κάλλους,
919 3631 1002 3688 ώστε
1026 3630 1061 3688 οὐ
1084 3625 1217 3688 σέὸεται
1237 3635 1421 3710 προσορών·
1442 3629 1546 3710 ’Ὥσπερ
1563 3632 1613 3709 γὰρ

488 3730 521 3784 ri
540 3729 684 3807 ἀγάλματα
704 3735 756 3785 τών
773 3735 845 3787 θεῶν
859 3730 873 3786 6
889 3725 1001 3800 εὸσεὸής
1022 3730 1066 3785 καὶ
1080 3729 1194 3810 σώφρων
1208 3729 1276 3810 ἀνὴρ
1291 3735 1443 3808 προσκυνεῖ,
1460 3730 1499 3794 ώς
1517 3729 1611 3805 ὁμοιὸ-

427 3832 458 3882 30
489 3827 557 3898 τητά
574 3849 631 3884 τινα
651 3825 749 3908 ἔχοντα
768 3828 834 3908 πρὸς
853 3828 887 3884 τά
905 3835 982 3898 Βεῖα,
1002 3827 1088 3893 οὕτως
1102 3829 1148 3883 καί
1164 3829 1178 3883 6
1193 3827 1321 3906 ἐρωτικὸς
1339 3828 1370 3884 τὸ
1386 3827 1498 3885 ἐνταῦθα
1512 3825 1613 3889 κάλλος

490 3926 559 4004 ὁρῶν
575 3926 613 3989 ὡς
629 3926 779 4000 ὁμοιὸτητα
793 3921 858 4007 ἐ’χον
875 3927 942 4005 πρὸς
956 3926 987 3982 τὸ
999 3932 1079 3983 θεῖον
1094 3924 1212 3998 καλλος,
1226 3921 1332 3984 σέὸεται
1347 3927 1383 3992 ώς
1398 3924 1521 4005 ἀγαλμα.
1536 3926 1570 3982 Τὸ
1586 3923 1613 3982 δὶ

489 4022 592 4100 ήδονῇ
609 4023 775 4104 παραδοὺς
795 4023 997 4104 τετράποδος
1018 4025 1109 4100 νὸμιρ
1131 4027 1188 4081 οἷον
1208 4022 1239 4082 ’ἀν
1259 4047 1300 4090 τις
1316 4025 1354 4089 ὡς
1371 4023 1546 4105 αἰχμάλωτος
1563 4023 1612 4081 ὁπδ

517 4201 583 4265 ἸΤΙΤ
604 4215 633 4265 2³
651 4213 787 4273 Πλάτωνος
809 4217 852 4265 καί
875 4214 1051 4281 Ἀριστοτέλης
1071 4213 1099 4278 (ί.
1120 4213 1322 4280 Ἀριστοτέλους)
1341 4215 1464 4281 περὶτῶν
1484 4211 1612 4277 ὀνομάτων

490 4283 610 4353 διαφοράν
627 4285 653 4348 ii.
670 4285 821 4352 ὁιαροράίΟ

522 4405 569 4456 NG
591 4407 603 4455 1
622 4403 777 4470 ἀσώματονθ
841 4400 932 4468 ὁῆδη]
953 4403 1008 4463 εἴδη
1028 4401 1056 4450 Μ
1079 4399 1143 4464 (jam
1166 4405 1323 4452 correxerat
1339 4400 1406 4464 Asr)
1470 4401 1485 4450 5
1502 4402 1613 4453 ἐπέκεινα

490 4477 551 4526 libri
567 4490 573 4526 :
592 4476 723 4541 intellege
739 4477 887 4542 ἀναχθέντος
951 4473 965 4522 7
983 4475 1035 4533 νῦν,
1051 4492 1064 4521 ν
1081 4473 1155 4521 rubr.
1172 4473 1195 4520 A
1260 4471 1289 4520 12
1305 4472 1333 4522 τὸ
1349 4471 1375 4522 δὲ
1389 4473 1518 4538 διεγείρειν
1532 4471 1558 4520 Μ
1578 4471 1613 4532 (rii

491 4547 520 4610 δὴ
539 4550 666 4614 διεγείρειν
685 4545 752 4608 Asi)
817 4547 845 4596 1³
864 4549 876 4594 6
895 4543 1009 4594 rubr.A
1074 4543 1104 4592 16
1124 4551 1176 4600 πῶς
1193 4555 1248 4592 om.
1265 4542 1292 4591 M
1361 4539 1472 4605 1δήμῆ
1492 4539 1613 4606 νεοτελής]

490 4617 649 4680 ἡμινεοτελὴς
671 4617 699 4666 Μ
764 4615 794 4666 22
815 4615 841 4668 δέ
858 4629 911 4665 om.
933 4615 959 4663 Μ
984 4613 1053 4664 piar.
1118 4613 1196 4664 23-24
1216 4613 1247 4665 τὸι
1266 4616 1378 4677 ὀνόματα
1397 4609 1502 4678 πρώτως
1524 4613 1552 4662 Μ

490 4690 520 4738 25
542 4689 699 4751 ἐπονομάσαι
719 4687 816 4752 scripsi
837 4701 843 4736 ι
868 4685 1073 4750 ὲπονομάσαντας
1093 4685 1157 4736 libri
1220 4685 1250 4733 27
1273 4683 1401 4748 αίσθητὸν]
1423 4685 1566 4747 αίσθητικὸν
1586 4685 1612 4733 Μ

552 4759 584 4808 28
600 4756 659 4810 ὥστ’
675 4759 747 4810 Ρῖαι.
810 4755 841 4808 32
857 4755 937 4826 νόμῳ]
955 4761 1033 4822 νόμον
1050 4757 1117 4808 Plat.
1131 4769 1137 4804 :
1153 4769 1210 4808 om.
1225 4755 1274 4806 DE
