<?xml version="1.0" encoding="UTF-8"?>
<!DOCTYPE html PUBLIC "-//W3C//DTD XHTML 1.0 Transitional//EN"
    "http://www.w3.org/TR/xhtml1/DTD/xhtml1-transitional.dtd">
<html xmlns="http://www.w3.org/1999/xhtml" xml:lang="en" lang="en">
 <head>
  <title>
</title>
<meta http-equiv="Content-Type" content="text/html;charset=utf-8" />
  <meta name='ocr-system' content='tesseract 3.04.00' />
  <meta name='ocr-capabilities' content='ocr_page ocr_carea ocr_par ocr_line ocrx_word'/>
</head>
<body>
  <div class='ocr_page' id='page_1' title='image "./hermiaealexandr00couvgoog_0131.png"; bbox 0 0 3660 5686; ppageno 0'>
   <div class='ocr_carea' id='block_1_1' title="bbox 394 615 1132 674">
    <p class='ocr_par' dir='ltr' id='par_1_1' title="bbox 394 615 1132 674">
     <span class='ocr_line' id='line_1_1' title="bbox 394 615 1132 674; baseline -0.011 0"><span class='ocrx_word' id='word_1_1' title='bbox 394 625 427 674; x_wconf 80' lang='grc' dir='ltr'>ὃθ</span> <span class='ocrx_word' id='word_1_2' title='bbox 731 629 734 635; x_wconf 92' lang='grc'>’</span> <span class='ocrx_word' id='word_1_3' title='bbox 758 615 914 665; x_wconf 53' lang='lat' dir='ltr'><strong>&#39;mmor</strong></span> <span class='ocrx_word' id='word_1_4' title='bbox 935 615 1132 666; x_wconf 70' lang='grc' dir='ltr'><strong>ΦΙΛΟΣΟΦΟΥ</strong></span> 
     </span>
    </p>
   </div>
   <div class='ocr_carea' id='block_1_2' title="bbox 294 765 1533 1718">
    <p class='ocr_par' dir='ltr' id='par_1_2' title="bbox 294 765 1533 1632">
     <span class='ocr_line' id='line_1_2' title="bbox 294 765 1517 850; baseline 0.003 -26"><span class='ocrx_word' id='word_1_5' title='bbox 294 772 360 839; x_wconf 83' lang='grc'>[101]</span> <span class='ocrx_word' id='word_1_6' title='bbox 386 767 438 824; x_wconf 85' lang='grc' dir='ltr'>Ιτὸν</span> <span class='ocrx_word' id='word_1_7' title='bbox 453 766 569 847; x_wconf 76' lang='grc' dir='ltr'>Φαῖδρον</span> <span class='ocrx_word' id='word_1_8' title='bbox 584 767 690 846; x_wconf 75' lang='grc' dir='ltr'>ιἰνέγει,</span> <span class='ocrx_word' id='word_1_9' title='bbox 708 769 723 824; x_wconf 96' lang='lat'>6</span> <span class='ocrx_word' id='word_1_10' title='bbox 738 765 767 824; x_wconf 83' lang='grc' dir='ltr'>δέ</span> <span class='ocrx_word' id='word_1_11' title='bbox 781 765 901 848; x_wconf 77' lang='grc' dir='ltr'>Φαῖδρος</span> <span class='ocrx_word' id='word_1_12' title='bbox 917 768 965 825; x_wconf 86' lang='grc' dir='ltr'>τὸν</span> <span class='ocrx_word' id='word_1_13' title='bbox 982 767 1092 826; x_wconf 76' lang='grc' dir='ltr'>Λυσίαν·</span> <span class='ocrx_word' id='word_1_14' title='bbox 1109 767 1159 826; x_wconf 86' lang='grc' dir='ltr'>οῦκ</span> <span class='ocrx_word' id='word_1_15' title='bbox 1177 769 1287 845; x_wconf 79' lang='grc' dir='ltr'>ιἰμέσως</span> <span class='ocrx_word' id='word_1_16' title='bbox 1305 771 1355 850; x_wconf 69' lang='grc' dir='ltr'>γὰρ</span> <span class='ocrx_word' id='word_1_17' title='bbox 1375 773 1408 829; x_wconf 85' lang='grc' dir='ltr'>τίι</span> <span class='ocrx_word' id='word_1_18' title='bbox 1424 772 1517 830; x_wconf 80' lang='grc' dir='ltr'>τιλιο·</span> 
     </span>
     <span class='ocr_line' id='line_1_3' title="bbox 301 864 1516 949; baseline 0.003 -27"><span class='ocrx_word' id='word_1_19' title='bbox 301 931 305 940; x_wconf 44' lang='grc'>,</span> <span class='ocrx_word' id='word_1_20' title='bbox 390 871 453 922; x_wconf 84' lang='grc' dir='ltr'>ταϊα</span> <span class='ocrx_word' id='word_1_21' title='bbox 467 866 533 946; x_wconf 87' lang='grc' dir='ltr'>πρὸς</span> <span class='ocrx_word' id='word_1_22' title='bbox 547 867 580 922; x_wconf 76' lang='grc' dir='ltr'>τὰ</span> <span class='ocrx_word' id='word_1_23' title='bbox 590 871 686 945; x_wconf 81' lang='grc' dir='ltr'>πρῶτα</span> <span class='ocrx_word' id='word_1_24' title='bbox 701 865 864 946; x_wconf 73' lang='grc' dir='ltr'>ἐπιστρέφει,</span> <span class='ocrx_word' id='word_1_25' title='bbox 879 865 950 924; x_wconf 77' lang='grc' dir='ltr'>ἀλλὰ</span> <span class='ocrx_word' id='word_1_26' title='bbox 965 864 1050 924; x_wconf 86' lang='grc' dir='ltr'>δεῖται</span> <span class='ocrx_word' id='word_1_27' title='bbox 1063 872 1119 924; x_wconf 81' lang='grc' dir='ltr'>τῶν</span> <span class='ocrx_word' id='word_1_28' title='bbox 1135 865 1236 941; x_wconf 89' lang='grc' dir='ltr'>μέσων,</span> <span class='ocrx_word' id='word_1_29' title='bbox 1251 869 1273 925; x_wconf 85' lang='grc' dir='ltr'>τί</span> <span class='ocrx_word' id='word_1_30' title='bbox 1285 870 1330 925; x_wconf 85' lang='grc' dir='ltr'>καί</span> <span class='ocrx_word' id='word_1_31' title='bbox 1341 871 1375 927; x_wconf 74' lang='grc' dir='ltr'>τέ</span> <span class='ocrx_word' id='word_1_32' title='bbox 1387 869 1516 949; x_wconf 83' lang='grc' dir='ltr'>ὑπέρτερα</span> 
     </span>
     <span class='ocr_line' id='line_1_4' title="bbox 392 961 1516 1046; baseline 0.006 -28"><span class='ocrx_word' id='word_1_33' title='bbox 392 968 472 1020; x_wconf 70' lang='grc' dir='ltr'>πᾶσιν</span> <span class='ocrx_word' id='word_1_34' title='bbox 491 963 600 1038; x_wconf 79' lang='grc' dir='ltr'>δμέσως</span> <span class='ocrx_word' id='word_1_35' title='bbox 619 963 756 1044; x_wconf 71' lang='grc' dir='ltr'>πάρεστιν,</span> <span class='ocrx_word' id='word_1_36' title='bbox 777 963 840 1020; x_wconf 73' lang='grc' dir='ltr'>ὅσον</span> <span class='ocrx_word' id='word_1_37' title='bbox 858 962 900 1020; x_wconf 81' lang='grc' dir='ltr'>έπί</span> <span class='ocrx_word' id='word_1_38' title='bbox 918 969 953 1040; x_wconf 77' lang='grc' dir='ltr'>τξ.</span> <span class='ocrx_word' id='word_1_39' title='bbox 974 965 1077 1022; x_wconf 81' lang='grc' dir='ltr'>έαυτῦιν</span> <span class='ocrx_word' id='word_1_40' title='bbox 1095 961 1220 1040; x_wconf 84' lang='grc' dir='ltr'>δυνέμει.</span> <span class='ocrx_word' id='word_1_41' title='bbox 1237 1001 1276 1010; x_wconf 90' lang='grc'>-</span> <span class='ocrx_word' id='word_1_42' title='bbox 1289 967 1324 1024; x_wconf 84' lang='grc' dir='ltr'>Τὸ</span> <span class='ocrx_word' id='word_1_43' title='bbox 1344 965 1372 1023; x_wconf 83' lang='grc' dir='ltr'>δέ</span> <span class='ocrx_word' id='word_1_44' title='bbox 1389 965 1516 1046; x_wconf 76' lang='grc' dir='ltr'>’έωσπερ</span> 
     </span>
     <span class='ocr_line' id='line_1_5' title="bbox 393 1057 1517 1142; baseline 0.004 -26"><span class='ocrx_word' id='word_1_45' title='bbox 393 1059 424 1116; x_wconf 76' lang='grc' dir='ltr'>δν</span> <span class='ocrx_word' id='word_1_46' title='bbox 443 1062 476 1130; x_wconf 74' lang='grc' dir='ltr'>ἧς</span> <span class='ocrx_word' id='word_1_47' title='bbox 494 1061 524 1125; x_wconf 82' lang='grc' dir='ltr'>ὸς</span> <span class='ocrx_word' id='word_1_48' title='bbox 543 1062 568 1118; x_wconf 81' lang='grc' dir='ltr'>τί</span> <span class='ocrx_word' id='word_1_49' title='bbox 588 1061 643 1117; x_wconf 81' lang='grc' dir='ltr'>ἀντὶ</span> <span class='ocrx_word' id='word_1_50' title='bbox 664 1066 713 1117; x_wconf 84' lang='grc' dir='ltr'>τοῦ</span> <span class='ocrx_word' id='word_1_51' title='bbox 734 1057 815 1124; x_wconf 84' lang='grc' dir='ltr'>νέως</span> <span class='ocrx_word' id='word_1_52' title='bbox 836 1059 867 1118; x_wconf 75' lang='grc' dir='ltr'>έν</span> <span class='ocrx_word' id='word_1_53' title='bbox 886 1061 920 1137; x_wconf 74' lang='grc' dir='ltr'>ᾗς</span> <span class='ocrx_word' id='word_1_54' title='bbox 940 1060 1089 1142; x_wconf 84' lang='grc' dir='ltr'>φιλόλογος</span> <span class='ocrx_word' id='word_1_55' title='bbox 1110 1064 1155 1119; x_wconf 76' lang='grc' dir='ltr'><strong>καῖ</strong></span> <span class='ocrx_word' id='word_1_56' title='bbox 1173 1062 1263 1139; x_wconf 62' lang='grc' dir='ltr'>θέλῃς</span> <span class='ocrx_word' id='word_1_57' title='bbox 1282 1086 1329 1138; x_wconf 93' lang='grc' dir='ltr'>μυι</span> <span class='ocrx_word' id='word_1_58' title='bbox 1348 1063 1458 1122; x_wconf 84' lang='grc' dir='ltr'>’έπεσθαι</span> <span class='ocrx_word' id='word_1_59' title='bbox 1472 1067 1517 1120; x_wconf 76' lang='grc' dir='ltr'>καὶ</span> 
     </span>
     <span class='ocr_line' id='line_1_6' title="bbox 346 1155 1517 1240; baseline 0.004 -27"><span class='ocrx_word' id='word_1_60' title='bbox 346 1165 361 1213; x_wconf 87' lang='grc'>5</span> <span class='ocrx_word' id='word_1_61' title='bbox 393 1155 503 1238; x_wconf 74' lang='grc' dir='ltr'>ἔχεσθαί</span> <span class='ocrx_word' id='word_1_62' title='bbox 521 1181 584 1234; x_wconf 89' lang='grc' dir='ltr'>μου.</span> <span class='ocrx_word' id='word_1_63' title='bbox 604 1183 617 1212; x_wconf 78' lang='grc' dir='ltr'>ιι</span> <span class='ocrx_word' id='word_1_64' title='bbox 640 1193 678 1203; x_wconf 88' lang='grc'>-</span> <span class='ocrx_word' id='word_1_65' title='bbox 696 1160 731 1216; x_wconf 88' lang='grc' dir='ltr'>Τὸ</span> <span class='ocrx_word' id='word_1_66' title='bbox 751 1157 780 1216; x_wconf 80' lang='grc' dir='ltr'>δέ</span> <span class='ocrx_word' id='word_1_67' title='bbox 800 1159 897 1223; x_wconf 75' lang='grc' dir='ltr'>οὗτος</span> <span class='ocrx_word' id='word_1_68' title='bbox 919 1161 1005 1238; x_wconf 78' lang='grc' dir='ltr'>παρέ</span> <span class='ocrx_word' id='word_1_69' title='bbox 1024 1163 1075 1217; x_wconf 90' lang='grc' dir='ltr'>σοί</span> <span class='ocrx_word' id='word_1_70' title='bbox 1097 1159 1185 1237; x_wconf 83' lang='grc' dir='ltr'>μέλα</span> <span class='ocrx_word' id='word_1_71' title='bbox 1207 1159 1362 1232; x_wconf 77' lang='grc' dir='ltr'>πλησίον·</span> <span class='ocrx_word' id='word_1_72' title='bbox 1380 1162 1454 1240; x_wconf 87' lang='grc' dir='ltr'>λέγει</span> <span class='ocrx_word' id='word_1_73' title='bbox 1469 1163 1517 1236; x_wconf 81' lang='grc' dir='ltr'>μὶν</span> 
     </span>
     <span class='ocr_line' id='line_1_7' title="bbox 394 1255 1516 1340; baseline 0.004 -28"><span class='ocrx_word' id='word_1_74' title='bbox 394 1255 434 1312; x_wconf 85' lang='grc' dir='ltr'>δ’τι</span> <span class='ocrx_word' id='word_1_75' title='bbox 457 1281 471 1310; x_wconf 83' lang='grc' dir='ltr'>ιι</span> <span class='ocrx_word' id='word_1_76' title='bbox 490 1256 545 1336; x_wconf 74' lang='grc' dir='ltr'>ἐγὼ</span> <span class='ocrx_word' id='word_1_77' title='bbox 563 1258 741 1336; x_wconf 83' lang='grc' dir='ltr'>πέρειμίσοι</span> <span class='ocrx_word' id='word_1_78' title='bbox 763 1257 841 1314; x_wconf 83' lang='grc' dir='ltr'>όταν</span> <span class='ocrx_word' id='word_1_79' title='bbox 865 1257 985 1336; x_wconf 78' lang='grc' dir='ltr'>βοόλη·</span> <span class='ocrx_word' id='word_1_80' title='bbox 1010 1257 1052 1316; x_wconf 78' lang='grc' dir='ltr'>ἀεὶ</span> <span class='ocrx_word' id='word_1_81' title='bbox 1072 1259 1122 1339; x_wconf 82' lang='grc' dir='ltr'>γέρ</span> <span class='ocrx_word' id='word_1_82' title='bbox 1143 1281 1190 1316; x_wconf 85' lang='grc' dir='ltr'>σου</span> <span class='ocrx_word' id='word_1_83' title='bbox 1209 1255 1354 1340; x_wconf 75' lang='grc' dir='ltr'>ἔχομεν»</span> <span class='ocrx_word' id='word_1_84' title='bbox 1377 1261 1446 1340; x_wconf 87' lang='grc' dir='ltr'>πρὸς</span> <span class='ocrx_word' id='word_1_85' title='bbox 1464 1261 1516 1340; x_wconf 79' lang='grc' dir='ltr'>γδιρ</span> 
     </span>
     <span class='ocr_line' id='line_1_8' title="bbox 393 1352 1514 1436; baseline 0.005 -27"><span class='ocrx_word' id='word_1_86' title='bbox 393 1352 512 1433; x_wconf 77' lang='grc' dir='ltr'>Φαῖδρον</span> <span class='ocrx_word' id='word_1_87' title='bbox 530 1357 626 1426; x_wconf 80' lang='grc' dir='ltr'>ἦνκαὶ</span> <span class='ocrx_word' id='word_1_88' title='bbox 645 1357 659 1412; x_wconf 98' lang='lat'>6</span> <span class='ocrx_word' id='word_1_89' title='bbox 678 1357 873 1435; x_wconf 77' lang='grc' dir='ltr'>προειρημένος</span> <span class='ocrx_word' id='word_1_90' title='bbox 891 1354 944 1428; x_wconf 67' lang='grc' dir='ltr'>ἤδη</span> <span class='ocrx_word' id='word_1_91' title='bbox 965 1354 1046 1434; x_wconf 90' lang='grc' dir='ltr'>λόγος</span> <span class='ocrx_word' id='word_1_92' title='bbox 1058 1359 1103 1414; x_wconf 86' lang='grc' dir='ltr'>καῖ</span> <span class='ocrx_word' id='word_1_93' title='bbox 1117 1359 1131 1414; x_wconf 95' lang='lat'>6</span> <span class='ocrx_word' id='word_1_94' title='bbox 1147 1363 1193 1414; x_wconf 86' lang='grc' dir='ltr'>νῦν</span> <span class='ocrx_word' id='word_1_95' title='bbox 1213 1355 1325 1431; x_wconf 88' lang='grc' dir='ltr'>μέλλων</span> <span class='ocrx_word' id='word_1_96' title='bbox 1340 1359 1514 1436; x_wconf 65' lang='grc' dir='ltr'>ῥηθήσεσθαι·</span> 
     </span>
     <span class='ocr_line' id='line_1_9' title="bbox 393 1451 1517 1538; baseline 0.004 -29"><span class='ocrx_word' id='word_1_97' title='bbox 393 1452 523 1527; x_wconf 75' lang='grc' dir='ltr'>σημαίνει</span> <span class='ocrx_word' id='word_1_98' title='bbox 538 1451 567 1510; x_wconf 80' lang='grc' dir='ltr'>δέ</span> <span class='ocrx_word' id='word_1_99' title='bbox 581 1453 624 1510; x_wconf 84' lang='grc' dir='ltr'>ὅτι</span> <span class='ocrx_word' id='word_1_100' title='bbox 640 1455 666 1510; x_wconf 89' lang='grc' dir='ltr'>οί</span> <span class='ocrx_word' id='word_1_101' title='bbox 685 1454 806 1513; x_wconf 78' lang='grc' dir='ltr'>καθόλου</span> <span class='ocrx_word' id='word_1_102' title='bbox 820 1455 901 1532; x_wconf 87' lang='grc' dir='ltr'>λόγοι</span> <span class='ocrx_word' id='word_1_103' title='bbox 915 1454 942 1512; x_wconf 85' lang='grc' dir='ltr'>έν</span> <span class='ocrx_word' id='word_1_104' title='bbox 956 1461 991 1532; x_wconf 77' lang='grc' dir='ltr'>τῇ</span> <span class='ocrx_word' id='word_1_105' title='bbox 1008 1454 1205 1536; x_wconf 80' lang='grc' dir='ltr'>διιγηγιρμένη</span> <span class='ocrx_word' id='word_1_106' title='bbox 1221 1459 1297 1537; x_wconf 74' lang='grc' dir='ltr'>ψοχη</span> <span class='ocrx_word' id='word_1_107' title='bbox 1317 1457 1357 1514; x_wconf 77' lang='grc' dir='ltr'>δεῖ</span> <span class='ocrx_word' id='word_1_108' title='bbox 1375 1457 1517 1538; x_wconf 75' lang='grc' dir='ltr'>πρόχειροέ</span> 
     </span>
     <span class='ocr_line' id='line_1_10' title="bbox 395 1549 1533 1632; baseline 0.003 -24"><span class='ocrx_word' id='word_1_109' title='bbox 395 1552 458 1608; x_wconf 83' lang='grc' dir='ltr'>τίσιν</span> <span class='ocrx_word' id='word_1_110' title='bbox 473 1551 537 1608; x_wconf 79' lang='grc' dir='ltr'>ὃταν</span> <span class='ocrx_word' id='word_1_111' title='bbox 554 1549 697 1628; x_wconf 73' lang='grc' dir='ltr'>βούληται.</span> <span class='ocrx_word' id='word_1_112' title='bbox 715 1550 743 1609; x_wconf 87' lang='lat'>&#39;0</span> <span class='ocrx_word' id='word_1_113' title='bbox 757 1550 785 1610; x_wconf 77' lang='grc' dir='ltr'>δέ</span> <span class='ocrx_word' id='word_1_114' title='bbox 801 1552 951 1630; x_wconf 77' lang='grc' dir='ltr'>Σωκράτης</span> <span class='ocrx_word' id='word_1_115' title='bbox 964 1553 1033 1632; x_wconf 90' lang='grc' dir='ltr'>πρὸς</span> <span class='ocrx_word' id='word_1_116' title='bbox 1047 1552 1143 1617; x_wconf 81' lang='grc' dir='ltr'>έπλιῦς</span> <span class='ocrx_word' id='word_1_117' title='bbox 1160 1551 1242 1610; x_wconf 86' lang='grc' dir='ltr'>παῖδα</span> <span class='ocrx_word' id='word_1_118' title='bbox 1259 1551 1413 1632; x_wconf 70' lang='grc' dir='ltr'>διαλέγεται</span> <span class='ocrx_word' id='word_1_119' title='bbox 1427 1562 1515 1611; x_wconf 75' lang='grc' dir='ltr'>πᾶσαν</span> <span class='ocrx_word' id='word_1_120' title='bbox 1531 1615 1533 1625; x_wconf 71' lang='lat'>‚</span> 
     </span>
    </p>

    <p class='ocr_par' dir='ltr' id='par_1_3' title="bbox 330 1646 891 1718">
     <span class='ocr_line' id='line_1_11' title="bbox 330 1646 891 1718; baseline 0.016 -16"><span class='ocrx_word' id='word_1_121' title='bbox 330 1650 362 1702; x_wconf 85' lang='lat'>10</span> <span class='ocrx_word' id='word_1_122' title='bbox 394 1646 437 1705; x_wconf 80' lang='grc' dir='ltr'>διὸ</span> <span class='ocrx_word' id='word_1_123' title='bbox 451 1648 548 1706; x_wconf 77' lang='grc' dir='ltr'>τοῦτου</span> <span class='ocrx_word' id='word_1_124' title='bbox 562 1649 612 1718; x_wconf 81' lang='grc' dir='ltr'>τήν</span> <span class='ocrx_word' id='word_1_125' title='bbox 625 1648 752 1707; x_wconf 81' lang='grc' dir='ltr'>νεολαίαν</span> <span class='ocrx_word' id='word_1_126' title='bbox 765 1649 891 1711; x_wconf 80' lang='grc' dir='ltr'>πελειῶν.</span> 
     </span>
    </p>
   </div>
   <div class='ocr_carea' id='block_1_3' title="bbox 433 1797 1149 1881">
    <p class='ocr_par' dir='ltr' id='par_1_4' title="bbox 433 1797 1149 1881">
     <span class='ocr_line' id='line_1_12' title="bbox 433 1797 1149 1881; baseline 0.007 -25"><span class='ocrx_word' id='word_1_127' title='bbox 433 1800 487 1860; x_wconf 86' lang='grc' dir='ltr'>οα’.</span> <span class='ocrx_word' id='word_1_128' title='bbox 510 1800 636 1858; x_wconf 85' lang='grc' dir='ltr'>Οὸτωσὶ</span> <span class='ocrx_word' id='word_1_129' title='bbox 655 1799 770 1857; x_wconf 82' lang='grc' dir='ltr'>τοίνυν</span> <span class='ocrx_word' id='word_1_130' title='bbox 791 1798 814 1856; x_wconf 83' lang='grc' dir='ltr'>ὦ</span> <span class='ocrx_word' id='word_1_131' title='bbox 837 1805 895 1857; x_wconf 87' lang='grc' dir='ltr'>παῖ</span> <span class='ocrx_word' id='word_1_132' title='bbox 915 1797 1009 1881; x_wconf 82' lang='grc' dir='ltr'>καλέ]</span> <span class='ocrx_word' id='word_1_133' title='bbox 1031 1799 1089 1860; x_wconf 78' lang='grc'>243</span> <span class='ocrx_word' id='word_1_134' title='bbox 1112 1799 1149 1862; x_wconf 86' lang='grc' dir='ltr'>Ε.</span> 
     </span>
    </p>
   </div>
   <div class='ocr_carea' id='block_1_4' title="bbox 287 1941 1517 2811">
    <p class='ocr_par' dir='ltr' id='par_1_5' title="bbox 433 1941 1516 2025">
     <span class='ocr_line' id='line_1_13' title="bbox 433 1941 1516 2025; baseline -0.003 -22"><span class='ocrx_word' id='word_1_135' title='bbox 433 1946 467 2003; x_wconf 80' lang='grc' dir='ltr'>Τὸ</span> <span class='ocrx_word' id='word_1_136' title='bbox 482 1944 579 2004; x_wconf 87' lang='grc' dir='ltr'>ταῦτὸν</span> <span class='ocrx_word' id='word_1_137' title='bbox 592 1945 637 2002; x_wconf 82' lang='grc' dir='ltr'>καί</span> <span class='ocrx_word' id='word_1_138' title='bbox 648 1943 740 2025; x_wconf 68' lang='grc' dir='ltr'>’έτερον</span> <span class='ocrx_word' id='word_1_139' title='bbox 754 1945 851 2003; x_wconf 72' lang='grc' dir='ltr'>τοῦτον</span> <span class='ocrx_word' id='word_1_140' title='bbox 863 1967 892 2003; x_wconf 87' lang='grc' dir='ltr'>τι</span> <span class='ocrx_word' id='word_1_141' title='bbox 906 1950 955 2002; x_wconf 90' lang='grc' dir='ltr'>τοῦ</span> <span class='ocrx_word' id='word_1_142' title='bbox 970 1941 1054 2023; x_wconf 87' lang='grc' dir='ltr'>λόγου</span> <span class='ocrx_word' id='word_1_143' title='bbox 1068 1945 1114 2001; x_wconf 83' lang='grc' dir='ltr'>καῖ</span> <span class='ocrx_word' id='word_1_144' title='bbox 1128 1949 1175 2001; x_wconf 88' lang='grc' dir='ltr'>τοῦ</span> <span class='ocrx_word' id='word_1_145' title='bbox 1193 1945 1392 2024; x_wconf 84' lang='grc' dir='ltr'>προειρημένου</span> <span class='ocrx_word' id='word_1_146' title='bbox 1409 1945 1516 2003; x_wconf 69' lang='grc' dir='ltr'>Βεασιὸ-</span> 
     </span>
    </p>

    <p class='ocr_par' dir='ltr' id='par_1_6' title="bbox 287 2041 1516 2222">
     <span class='ocr_line' id='line_1_14' title="bbox 287 2041 1516 2123; baseline -0.003 -20"><span class='ocrx_word' id='word_1_147' title='bbox 287 2052 309 2103; x_wconf 83' lang='grc'>1·</span> <span class='ocrx_word' id='word_1_148' title='bbox 316 2053 377 2103; x_wconf 76' lang='grc' dir='ltr'>1ον</span> <span class='ocrx_word' id='word_1_149' title='bbox 395 2048 475 2120; x_wconf 88' lang='grc' dir='ltr'>μεθα.</span> <span class='ocrx_word' id='word_1_150' title='bbox 494 2045 588 2102; x_wconf 79' lang='grc' dir='ltr'>Κοινὸν</span> <span class='ocrx_word' id='word_1_151' title='bbox 604 2045 653 2120; x_wconf 80' lang='grc' dir='ltr'>μὶν</span> <span class='ocrx_word' id='word_1_152' title='bbox 666 2043 713 2102; x_wconf 84' lang='grc' dir='ltr'>οῦν</span> <span class='ocrx_word' id='word_1_153' title='bbox 728 2043 821 2108; x_wconf 80' lang='grc' dir='ltr'>αὐτοῖς</span> <span class='ocrx_word' id='word_1_154' title='bbox 833 2044 879 2101; x_wconf 89' lang='grc' dir='ltr'>καῖ</span> <span class='ocrx_word' id='word_1_155' title='bbox 891 2043 990 2100; x_wconf 86' lang='grc' dir='ltr'>ταὸτδν</span> <span class='ocrx_word' id='word_1_156' title='bbox 1004 2044 1036 2099; x_wconf 88' lang='grc' dir='ltr'>τὸ</span> <span class='ocrx_word' id='word_1_157' title='bbox 1050 2044 1112 2123; x_wconf 85' lang='grc' dir='ltr'>περὶ</span> <span class='ocrx_word' id='word_1_158' title='bbox 1124 2041 1225 2122; x_wconf 83' lang='grc' dir='ltr'>ἔρωτος</span> <span class='ocrx_word' id='word_1_159' title='bbox 1240 2045 1364 2101; x_wconf 82' lang='grc' dir='ltr'>εἶναικαὶ</span> <span class='ocrx_word' id='word_1_160' title='bbox 1381 2043 1387 2122; x_wconf 88' lang='grc' dir='ltr'>Ι</span> <span class='ocrx_word' id='word_1_161' title='bbox 1405 2052 1456 2115; x_wconf 82' lang='grc' dir='ltr'>τῆς</span> <span class='ocrx_word' id='word_1_162' title='bbox 1468 2048 1516 2100; x_wconf 78' lang='grc' dir='ltr'>τοῦ</span> 
     </span>
     <span class='ocr_line' id='line_1_15' title="bbox 393 2138 1515 2222; baseline -0.001 -23"><span class='ocrx_word' id='word_1_163' title='bbox 393 2142 479 2200; x_wconf 88' lang='grc' dir='ltr'>καλοῦ</span> <span class='ocrx_word' id='word_1_164' title='bbox 501 2143 632 2222; x_wconf 59' lang='grc' dir='ltr'>θεωρίας·</span> <span class='ocrx_word' id='word_1_165' title='bbox 655 2142 778 2222; x_wconf 87' lang='grc' dir='ltr'>έρωτικοί</span> <span class='ocrx_word' id='word_1_166' title='bbox 797 2142 848 2222; x_wconf 85' lang='grc' dir='ltr'>γέρ</span> <span class='ocrx_word' id='word_1_167' title='bbox 869 2142 934 2200; x_wconf 87' lang='grc' dir='ltr'>είσιν</span> <span class='ocrx_word' id='word_1_168' title='bbox 953 2139 1037 2221; x_wconf 74' lang='grc' dir='ltr'>ἄμφω</span> <span class='ocrx_word' id='word_1_169' title='bbox 1058 2142 1084 2198; x_wconf 83' lang='grc' dir='ltr'>οῖ</span> <span class='ocrx_word' id='word_1_170' title='bbox 1104 2139 1193 2218; x_wconf 83' lang='grc' dir='ltr'>λόγοι.</span> <span class='ocrx_word' id='word_1_171' title='bbox 1215 2142 1374 2222; x_wconf 86' lang='grc' dir='ltr'>Διαφέρουσι</span> <span class='ocrx_word' id='word_1_172' title='bbox 1394 2138 1482 2198; x_wconf 80' lang='grc' dir='ltr'>διότι</span> <span class='ocrx_word' id='word_1_173' title='bbox 1501 2143 1515 2198; x_wconf 93' lang='lat'>6</span> 
     </span>
    </p>

    <p class='ocr_par' dir='ltr' id='par_1_7' title="bbox 332 2237 1515 2420">
     <span class='ocr_line' id='line_1_16' title="bbox 332 2237 1515 2321; baseline -0.004 -22"><span class='ocrx_word' id='word_1_174' title='bbox 332 2249 362 2300; x_wconf 83' lang='grc'>15</span> <span class='ocrx_word' id='word_1_175' title='bbox 395 2242 443 2315; x_wconf 85' lang='grc' dir='ltr'>μὶν</span> <span class='ocrx_word' id='word_1_176' title='bbox 463 2241 663 2321; x_wconf 86' lang='grc' dir='ltr'>προειρημένος</span> <span class='ocrx_word' id='word_1_177' title='bbox 685 2241 716 2297; x_wconf 87' lang='grc' dir='ltr'>τὸ</span> <span class='ocrx_word' id='word_1_178' title='bbox 737 2240 853 2320; x_wconf 74' lang='grc' dir='ltr'>ψυχικὸν</span> <span class='ocrx_word' id='word_1_179' title='bbox 875 2238 984 2318; x_wconf 80' lang='grc' dir='ltr'>ἐθεώρει</span> <span class='ocrx_word' id='word_1_180' title='bbox 1008 2237 1113 2302; x_wconf 79' lang='grc' dir='ltr'>κόιλλος</span> <span class='ocrx_word' id='word_1_181' title='bbox 1135 2239 1167 2296; x_wconf 88' lang='grc' dir='ltr'>τό</span> <span class='ocrx_word' id='word_1_182' title='bbox 1188 2261 1218 2296; x_wconf 84' lang='grc' dir='ltr'>τι</span> <span class='ocrx_word' id='word_1_183' title='bbox 1239 2239 1268 2297; x_wconf 92' lang='grc' dir='ltr'>έν</span> <span class='ocrx_word' id='word_1_184' title='bbox 1289 2239 1450 2316; x_wconf 74' lang='grc' dir='ltr'>έπιστήμαις</span> <span class='ocrx_word' id='word_1_185' title='bbox 1470 2239 1515 2296; x_wconf 89' lang='grc' dir='ltr'>καί</span> 
     </span>
     <span class='ocr_line' id='line_1_17' title="bbox 394 2335 1514 2420; baseline -0.003 -25"><span class='ocrx_word' id='word_1_186' title='bbox 394 2339 502 2418; x_wconf 80' lang='grc' dir='ltr'>ἀρεταῖς</span> <span class='ocrx_word' id='word_1_187' title='bbox 520 2340 567 2396; x_wconf 89' lang='grc' dir='ltr'>καί</span> <span class='ocrx_word' id='word_1_188' title='bbox 585 2339 632 2395; x_wconf 88' lang='grc' dir='ltr'>τὸν</span> <span class='ocrx_word' id='word_1_189' title='bbox 651 2337 777 2420; x_wconf 83' lang='grc' dir='ltr'>σώφρονα</span> <span class='ocrx_word' id='word_1_190' title='bbox 795 2335 883 2418; x_wconf 88' lang='grc' dir='ltr'>έρωτα</span> <span class='ocrx_word' id='word_1_191' title='bbox 901 2337 947 2393; x_wconf 89' lang='grc' dir='ltr'>τὸν</span> <span class='ocrx_word' id='word_1_192' title='bbox 960 2344 1010 2408; x_wconf 80' lang='grc' dir='ltr'>τῆς</span> <span class='ocrx_word' id='word_1_193' title='bbox 1026 2341 1117 2418; x_wconf 73' lang='grc' dir='ltr'>ψυχῆς</span> <span class='ocrx_word' id='word_1_194' title='bbox 1132 2335 1215 2408; x_wconf 80' lang='grc' dir='ltr'>αῦτῆς</span> <span class='ocrx_word' id='word_1_195' title='bbox 1228 2337 1326 2408; x_wconf 78' lang='grc' dir='ltr'>έαυτήν</span> <span class='ocrx_word' id='word_1_196' title='bbox 1343 2337 1514 2415; x_wconf 58' lang='grc' dir='ltr'>θεωροόσης,</span> 
     </span>
    </p>

    <p class='ocr_par' dir='ltr' id='par_1_8' title="bbox 394 2432 1516 2615">
     <span class='ocr_line' id='line_1_18' title="bbox 394 2432 1516 2516; baseline -0.002 -23"><span class='ocrx_word' id='word_1_197' title='bbox 394 2438 408 2493; x_wconf 97' lang='lat'>6</span> <span class='ocrx_word' id='word_1_198' title='bbox 424 2434 452 2494; x_wconf 77' lang='grc' dir='ltr'>δέ</span> <span class='ocrx_word' id='word_1_199' title='bbox 468 2435 581 2512; x_wconf 83' lang='grc' dir='ltr'>μέλλων</span> <span class='ocrx_word' id='word_1_200' title='bbox 596 2433 760 2516; x_wconf 68' lang='grc' dir='ltr'>ῥηθήσεσθαι</span> <span class='ocrx_word' id='word_1_201' title='bbox 774 2435 805 2492; x_wconf 90' lang='grc' dir='ltr'>τὸ</span> <span class='ocrx_word' id='word_1_202' title='bbox 819 2435 918 2507; x_wconf 88' lang='grc' dir='ltr'>νοητὸν</span> <span class='ocrx_word' id='word_1_203' title='bbox 931 2435 1118 2492; x_wconf 85' lang='grc' dir='ltr'>έπισκέπτεται</span> <span class='ocrx_word' id='word_1_204' title='bbox 1131 2432 1237 2499; x_wconf 74' lang='grc' dir='ltr'>κάλλος</span> <span class='ocrx_word' id='word_1_205' title='bbox 1252 2435 1297 2492; x_wconf 88' lang='grc' dir='ltr'>καί</span> <span class='ocrx_word' id='word_1_206' title='bbox 1308 2435 1365 2492; x_wconf 88' lang='grc' dir='ltr'>τὸν</span> <span class='ocrx_word' id='word_1_207' title='bbox 1382 2436 1516 2514; x_wconf 84' lang='grc' dir='ltr'>ίπερου·</span> 
     </span>
     <span class='ocr_line' id='line_1_19' title="bbox 394 2531 1516 2615; baseline -0.001 -24"><span class='ocrx_word' id='word_1_208' title='bbox 394 2535 507 2615; x_wconf 88' lang='grc' dir='ltr'>ρσίνιον</span> <span class='ocrx_word' id='word_1_209' title='bbox 524 2534 625 2593; x_wconf 81' lang='grc' dir='ltr'>τόπον</span> <span class='ocrx_word' id='word_1_210' title='bbox 644 2535 759 2610; x_wconf 81' lang='grc' dir='ltr'>δνυμνιῑ</span> <span class='ocrx_word' id='word_1_211' title='bbox 776 2535 821 2591; x_wconf 89' lang='grc' dir='ltr'>καί</span> <span class='ocrx_word' id='word_1_212' title='bbox 840 2535 886 2591; x_wconf 89' lang='grc' dir='ltr'>τὸν</span> <span class='ocrx_word' id='word_1_213' title='bbox 906 2539 986 2592; x_wconf 62' lang='grc' dir='ltr'>θεῖον</span> <span class='ocrx_word' id='word_1_214' title='bbox 1004 2534 1048 2590; x_wconf 86' lang='grc' dir='ltr'>καὶ</span> <span class='ocrx_word' id='word_1_215' title='bbox 1067 2533 1212 2612; x_wconf 80' lang='grc' dir='ltr'>δναγωγδν</span> <span class='ocrx_word' id='word_1_216' title='bbox 1230 2531 1329 2612; x_wconf 83' lang='grc' dir='ltr'>ἔρωτα·</span> <span class='ocrx_word' id='word_1_217' title='bbox 1346 2533 1392 2590; x_wconf 70' lang='grc' dir='ltr'>καῖΙ</span> <span class='ocrx_word' id='word_1_218' title='bbox 1411 2531 1485 2594; x_wconf 81' lang='grc' dir='ltr'>όλως</span> <span class='ocrx_word' id='word_1_219' title='bbox 1501 2533 1516 2590; x_wconf 84' lang='lat'>6</span> 
     </span>
    </p>

    <p class='ocr_par' dir='ltr' id='par_1_9' title="bbox 288 2627 1517 2811">
     <span class='ocr_line' id='line_1_20' title="bbox 288 2627 1517 2713; baseline -0.002 -23"><span class='ocrx_word' id='word_1_220' title='bbox 288 2653 313 2704; x_wconf 80' lang='grc' dir='ltr'>ρ.</span> <span class='ocrx_word' id='word_1_221' title='bbox 332 2639 378 2690; x_wconf 81' lang='grc'>102</span> <span class='ocrx_word' id='word_1_222' title='bbox 396 2634 445 2708; x_wconf 80' lang='grc' dir='ltr'>μέν</span> <span class='ocrx_word' id='word_1_223' title='bbox 460 2633 521 2712; x_wconf 80' lang='grc' dir='ltr'>περὶ</span> <span class='ocrx_word' id='word_1_224' title='bbox 535 2633 598 2699; x_wconf 84' lang='grc' dir='ltr'>τοῦς</span> <span class='ocrx_word' id='word_1_225' title='bbox 617 2633 622 2712; x_wconf 85' lang='grc' dir='ltr'>Ι</span> <span class='ocrx_word' id='word_1_226' title='bbox 643 2635 740 2708; x_wconf 81' lang='grc' dir='ltr'>μέσους</span> <span class='ocrx_word' id='word_1_227' title='bbox 756 2630 857 2713; x_wconf 80' lang='grc' dir='ltr'>λόγους</span> <span class='ocrx_word' id='word_1_228' title='bbox 875 2640 925 2705; x_wconf 79' lang='grc' dir='ltr'>τῆς</span> <span class='ocrx_word' id='word_1_229' title='bbox 941 2636 1033 2713; x_wconf 77' lang='grc' dir='ltr'>ψυχῆς</span> <span class='ocrx_word' id='word_1_230' title='bbox 1048 2631 1252 2712; x_wconf 76' lang='grc' dir='ltr'>ἀναστρέφεται,</span> <span class='ocrx_word' id='word_1_231' title='bbox 1267 2633 1282 2688; x_wconf 92' lang='lat'>6</span> <span class='ocrx_word' id='word_1_232' title='bbox 1298 2627 1327 2688; x_wconf 82' lang='grc' dir='ltr'>δὶ</span> <span class='ocrx_word' id='word_1_233' title='bbox 1344 2631 1386 2688; x_wconf 74' lang='grc' dir='ltr'>έπίΙ</span> <span class='ocrx_word' id='word_1_234' title='bbox 1403 2631 1437 2688; x_wconf 77' lang='grc' dir='ltr'>τέ</span> <span class='ocrx_word' id='word_1_235' title='bbox 1450 2632 1517 2710; x_wconf 79' lang='grc' dir='ltr'>ῦπὶρ</span> 
     </span>
     <span class='ocr_line' id='line_1_21' title="bbox 314 2715 1517 2811; baseline -0.002 -23"><span class='ocrx_word' id='word_1_236' title='bbox 314 2715 364 2790; x_wconf 73' lang='lat' dir='ltr'>v20</span> <span class='ocrx_word' id='word_1_237' title='bbox 395 2733 444 2802; x_wconf 79' lang='grc' dir='ltr'>τὴν</span> <span class='ocrx_word' id='word_1_238' title='bbox 467 2732 558 2811; x_wconf 83' lang='grc' dir='ltr'>ψυχὴν</span> <span class='ocrx_word' id='word_1_239' title='bbox 581 2731 745 2789; x_wconf 72' lang='grc' dir='ltr'>ἀνατείνεται</span> <span class='ocrx_word' id='word_1_240' title='bbox 769 2729 842 2802; x_wconf 82' lang='grc' dir='ltr'>εἶ’δη.</span> <span class='ocrx_word' id='word_1_241' title='bbox 869 2727 955 2786; x_wconf 85' lang='grc' dir='ltr'>ΙΙαίλιν</span> <span class='ocrx_word' id='word_1_242' title='bbox 976 2730 1066 2787; x_wconf 87' lang='grc' dir='ltr'>κοινὸν</span> <span class='ocrx_word' id='word_1_243' title='bbox 1088 2729 1180 2794; x_wconf 84' lang='grc' dir='ltr'>αῦτοῖς</span> <span class='ocrx_word' id='word_1_244' title='bbox 1202 2729 1233 2787; x_wconf 86' lang='grc' dir='ltr'>τὸ</span> <span class='ocrx_word' id='word_1_245' title='bbox 1254 2733 1424 2810; x_wconf 78' lang='grc' dir='ltr'>καθαρτικοῖς</span> <span class='ocrx_word' id='word_1_246' title='bbox 1448 2729 1517 2786; x_wconf 78' lang='grc' dir='ltr'>εἶναι</span> 
     </span>
    </p>
   </div>
   <div class='ocr_carea' id='block_1_5' title="bbox 395 2821 1517 3204">
    <p class='ocr_par' dir='ltr' id='par_1_10' title="bbox 395 2821 1517 3204">
     <span class='ocr_line' id='line_1_22' title="bbox 395 2821 1517 2910; baseline -0.001 -25"><span class='ocrx_word' id='word_1_247' title='bbox 395 2829 569 2909; x_wconf 77' lang='grc' dir='ltr'>ἀμφοτέροις·</span> <span class='ocrx_word' id='word_1_248' title='bbox 591 2827 744 2910; x_wconf 84' lang='grc' dir='ltr'>διαφέρουσι</span> <span class='ocrx_word' id='word_1_249' title='bbox 765 2827 794 2886; x_wconf 75' lang='grc' dir='ltr'>δέ</span> <span class='ocrx_word' id='word_1_250' title='bbox 812 2829 854 2885; x_wconf 82' lang='grc' dir='ltr'>ὅτι</span> <span class='ocrx_word' id='word_1_251' title='bbox 868 2829 883 2884; x_wconf 87' lang='lat'>6</span> <span class='ocrx_word' id='word_1_252' title='bbox 900 2829 949 2902; x_wconf 80' lang='grc' dir='ltr'>μέν</span> <span class='ocrx_word' id='word_1_253' title='bbox 963 2827 1064 2892; x_wconf 87' lang='grc' dir='ltr'>παντὸς</span> <span class='ocrx_word' id='word_1_254' title='bbox 1081 2832 1128 2885; x_wconf 90' lang='grc' dir='ltr'>τοῦ</span> <span class='ocrx_word' id='word_1_255' title='bbox 1148 2828 1312 2908; x_wconf 88' lang='grc' dir='ltr'>φαινομένου</span> <span class='ocrx_word' id='word_1_256' title='bbox 1326 2827 1370 2884; x_wconf 85' lang='grc' dir='ltr'>καί</span> <span class='ocrx_word' id='word_1_257' title='bbox 1386 2821 1436 2891; x_wconf 77' lang='grc' dir='ltr'>ἔξω</span> <span class='ocrx_word' id='word_1_258' title='bbox 1449 2826 1517 2884; x_wconf 81' lang='grc' dir='ltr'>κοίλ-</span> 
     </span>
     <span class='ocr_line' id='line_1_23' title="bbox 396 2919 1516 3006; baseline -0.003 -23"><span class='ocrx_word' id='word_1_259' title='bbox 396 2923 460 2990; x_wconf 87' lang='grc' dir='ltr'>λους</span> <span class='ocrx_word' id='word_1_260' title='bbox 479 2927 588 3006; x_wconf 73' lang='grc' dir='ltr'>ἀπεῖργε</span> <span class='ocrx_word' id='word_1_261' title='bbox 607 2927 716 2984; x_wconf 80' lang='grc' dir='ltr'>καὶτὸν</span> <span class='ocrx_word' id='word_1_262' title='bbox 736 2924 893 3006; x_wconf 70' lang='grc' dir='ltr'>διάστροφον</span> <span class='ocrx_word' id='word_1_263' title='bbox 911 2919 1080 3004; x_wconf 76' lang='grc' dir='ltr'>έξεκαίθαιρεν</span> <span class='ocrx_word' id='word_1_264' title='bbox 1099 2923 1186 3004; x_wconf 85' lang='grc' dir='ltr'>έρωτα</span> <span class='ocrx_word' id='word_1_265' title='bbox 1204 2921 1347 3004; x_wconf 80' lang='grc' dir='ltr'>(έῦοέλετο</span> <span class='ocrx_word' id='word_1_266' title='bbox 1367 2925 1417 3003; x_wconf 78' lang='grc' dir='ltr'>γαρ</span> <span class='ocrx_word' id='word_1_267' title='bbox 1435 2924 1516 2981; x_wconf 80' lang='grc' dir='ltr'>αὐτὸν</span> 
     </span>
     <span class='ocr_line' id='line_1_24' title="bbox 395 3021 1515 3106; baseline 0 -26"><span class='ocrx_word' id='word_1_268' title='bbox 395 3025 434 3089; x_wconf 84' lang='grc' dir='ltr'>είς</span> <span class='ocrx_word' id='word_1_269' title='bbox 451 3025 545 3082; x_wconf 81' lang='grc' dir='ltr'>έαιιτὸν</span> <span class='ocrx_word' id='word_1_270' title='bbox 564 3025 719 3106; x_wconf 74' lang='grc' dir='ltr'>ἐπιπρέψαι</span> <span class='ocrx_word' id='word_1_271' title='bbox 737 3025 782 3081; x_wconf 80' lang='grc' dir='ltr'>καί</span> <span class='ocrx_word' id='word_1_272' title='bbox 802 3023 842 3088; x_wconf 86' lang='grc' dir='ltr'>είς</span> <span class='ocrx_word' id='word_1_273' title='bbox 860 3025 892 3081; x_wconf 89' lang='grc' dir='ltr'>τὸ</span> <span class='ocrx_word' id='word_1_274' title='bbox 911 3024 1028 3104; x_wconf 76' lang='grc' dir='ltr'>ψυχικὸν</span> <span class='ocrx_word' id='word_1_275' title='bbox 1047 3031 1220 3103; x_wconf 78' lang='grc' dir='ltr'>περιαγαγεῖν</span> <span class='ocrx_word' id='word_1_276' title='bbox 1240 3022 1367 3103; x_wconf 69' lang='grc' dir='ltr'>κάλλος),</span> <span class='ocrx_word' id='word_1_277' title='bbox 1388 3025 1403 3080; x_wconf 91' lang='lat'>6</span> <span class='ocrx_word' id='word_1_278' title='bbox 1422 3021 1451 3081; x_wconf 74' lang='grc' dir='ltr'>δέ</span> <span class='ocrx_word' id='word_1_279' title='bbox 1469 3028 1515 3080; x_wconf 87' lang='grc' dir='ltr'>νῦν</span> 
     </span>
     <span class='ocr_line' id='line_1_25' title="bbox 395 3119 1517 3204; baseline 0 -26"><span class='ocrx_word' id='word_1_280' title='bbox 395 3123 441 3179; x_wconf 87' lang='grc' dir='ltr'>καὶ</span> <span class='ocrx_word' id='word_1_281' title='bbox 456 3123 487 3179; x_wconf 87' lang='grc' dir='ltr'>τὸ</span> <span class='ocrx_word' id='word_1_282' title='bbox 504 3125 621 3204; x_wconf 78' lang='grc' dir='ltr'>ψυχικὸν</span> <span class='ocrx_word' id='word_1_283' title='bbox 639 3124 748 3204; x_wconf 77' lang='grc' dir='ltr'>ἀφαιρεῖ</span> <span class='ocrx_word' id='word_1_284' title='bbox 765 3122 871 3186; x_wconf 81' lang='grc' dir='ltr'>κέλλος</span> <span class='ocrx_word' id='word_1_285' title='bbox 883 3123 928 3179; x_wconf 88' lang='grc' dir='ltr'>καί</span> <span class='ocrx_word' id='word_1_286' title='bbox 943 3129 995 3178; x_wconf 72' lang='grc' dir='ltr'>πᾶν</span> <span class='ocrx_word' id='word_1_287' title='bbox 1006 3123 1036 3178; x_wconf 88' lang='grc' dir='ltr'>τὸ</span> <span class='ocrx_word' id='word_1_288' title='bbox 1053 3119 1292 3196; x_wconf 86' lang='grc' dir='ltr'>πεπληθοσμένον,</span> <span class='ocrx_word' id='word_1_289' title='bbox 1308 3123 1345 3185; x_wconf 84' lang='grc' dir='ltr'>είς</span> <span class='ocrx_word' id='word_1_290' title='bbox 1357 3119 1385 3178; x_wconf 79' lang='grc' dir='ltr'>δέ</span> <span class='ocrx_word' id='word_1_291' title='bbox 1400 3121 1430 3178; x_wconf 87' lang='grc' dir='ltr'>τὸ</span> <span class='ocrx_word' id='word_1_292' title='bbox 1445 3123 1517 3192; x_wconf 70' lang='grc' dir='ltr'>ἡνω-</span> 
     </span>
    </p>
   </div>
   <div class='ocr_carea' id='block_1_6' title="bbox 331 3216 1574 4184">
    <p class='ocr_par' dir='ltr' id='par_1_11' title="bbox 332 3216 1516 3695">
     <span class='ocr_line' id='line_1_26' title="bbox 332 3216 1516 3304; baseline -0.003 -26"><span class='ocrx_word' id='word_1_293' title='bbox 332 3228 363 3278; x_wconf 85' lang='grc'>25</span> <span class='ocrx_word' id='word_1_294' title='bbox 397 3221 478 3296; x_wconf 87' lang='grc' dir='ltr'>μένον</span> <span class='ocrx_word' id='word_1_295' title='bbox 491 3222 535 3278; x_wconf 84' lang='grc' dir='ltr'>καί</span> <span class='ocrx_word' id='word_1_296' title='bbox 549 3222 596 3278; x_wconf 86' lang='grc' dir='ltr'>τὸν</span> <span class='ocrx_word' id='word_1_297' title='bbox 610 3227 671 3278; x_wconf 94' lang='grc' dir='ltr'>νοῦν</span> <span class='ocrx_word' id='word_1_298' title='bbox 686 3222 841 3296; x_wconf 80' lang='grc' dir='ltr'>ἀναπέμπει</span> <span class='ocrx_word' id='word_1_299' title='bbox 855 3222 900 3277; x_wconf 83' lang='grc' dir='ltr'>καί</span> <span class='ocrx_word' id='word_1_300' title='bbox 914 3221 950 3285; x_wconf 86' lang='grc' dir='ltr'>είς</span> <span class='ocrx_word' id='word_1_301' title='bbox 961 3220 1025 3276; x_wconf 79' lang='grc' dir='ltr'>αῦτὸ</span> <span class='ocrx_word' id='word_1_302' title='bbox 1037 3219 1068 3277; x_wconf 86' lang='grc' dir='ltr'>τὸ</span> <span class='ocrx_word' id='word_1_303' title='bbox 1082 3219 1111 3276; x_wconf 81' lang='grc' dir='ltr'>ἓν</span> <span class='ocrx_word' id='word_1_304' title='bbox 1126 3225 1181 3304; x_wconf 80' lang='grc' dir='ltr'>τῶγ</span> <span class='ocrx_word' id='word_1_305' title='bbox 1196 3224 1282 3278; x_wconf 58' lang='grc' dir='ltr'>θεῶν.</span> <span class='ocrx_word' id='word_1_306' title='bbox 1298 3217 1384 3276; x_wconf 81' lang='grc' dir='ltr'>Πέλιν</span> <span class='ocrx_word' id='word_1_307' title='bbox 1394 3216 1417 3275; x_wconf 82' lang='grc' dir='ltr'>δ’</span> <span class='ocrx_word' id='word_1_308' title='bbox 1428 3217 1461 3274; x_wconf 88' lang='grc' dir='ltr'>αῦ</span> <span class='ocrx_word' id='word_1_309' title='bbox 1471 3217 1516 3275; x_wconf 83' lang='grc' dir='ltr'>καί</span> 
     </span>
     <span class='ocr_line' id='line_1_27' title="bbox 395 3316 1516 3399; baseline -0.001 -25"><span class='ocrx_word' id='word_1_310' title='bbox 395 3325 452 3383; x_wconf 82' lang='grc' dir='ltr'>τοῖς</span> <span class='ocrx_word' id='word_1_311' title='bbox 470 3318 627 3398; x_wconf 84' lang='grc' dir='ltr'>προσώποις</span> <span class='ocrx_word' id='word_1_312' title='bbox 642 3320 708 3398; x_wconf 88' lang='grc' dir='ltr'>πρὸς</span> <span class='ocrx_word' id='word_1_313' title='bbox 727 3321 772 3386; x_wconf 86' lang='grc' dir='ltr'>οὸς</span> <span class='ocrx_word' id='word_1_314' title='bbox 790 3318 898 3398; x_wconf 87' lang='grc' dir='ltr'>λέγεται</span> <span class='ocrx_word' id='word_1_315' title='bbox 912 3323 1071 3376; x_wconf 83' lang='grc' dir='ltr'>κοινωνοῦσι</span> <span class='ocrx_word' id='word_1_316' title='bbox 1084 3318 1130 3375; x_wconf 84' lang='grc' dir='ltr'>καὶ</span> <span class='ocrx_word' id='word_1_317' title='bbox 1144 3316 1305 3399; x_wconf 87' lang='grc' dir='ltr'>διαφέρουσι·</span> <span class='ocrx_word' id='word_1_318' title='bbox 1322 3317 1388 3374; x_wconf 85' lang='grc' dir='ltr'>καθὸ</span> <span class='ocrx_word' id='word_1_319' title='bbox 1402 3317 1451 3392; x_wconf 77' lang='grc' dir='ltr'>μέν</span> <span class='ocrx_word' id='word_1_320' title='bbox 1465 3317 1516 3396; x_wconf 77' lang='grc' dir='ltr'>γὰρ</span> 
     </span>
     <span class='ocr_line' id='line_1_28' title="bbox 394 3413 1516 3495; baseline -0.003 -23"><span class='ocrx_word' id='word_1_321' title='bbox 394 3413 513 3495; x_wconf 77' lang='grc' dir='ltr'>Φαῖδρος</span> <span class='ocrx_word' id='word_1_322' title='bbox 528 3417 563 3487; x_wconf 78' lang='grc' dir='ltr'>ἦν</span> <span class='ocrx_word' id='word_1_323' title='bbox 577 3418 591 3472; x_wconf 93' lang='lat'>6</span> <span class='ocrx_word' id='word_1_324' title='bbox 605 3417 729 3474; x_wconf 77' lang='grc' dir='ltr'>κάκεῖνον</span> <span class='ocrx_word' id='word_1_325' title='bbox 744 3417 851 3474; x_wconf 80' lang='grc' dir='ltr'>ἆκοόων</span> <span class='ocrx_word' id='word_1_326' title='bbox 865 3417 911 3474; x_wconf 87' lang='grc' dir='ltr'>τὸν</span> <span class='ocrx_word' id='word_1_327' title='bbox 925 3416 1007 3495; x_wconf 88' lang='grc' dir='ltr'>λόγον</span> <span class='ocrx_word' id='word_1_328' title='bbox 1021 3417 1066 3473; x_wconf 85' lang='grc' dir='ltr'>καί</span> <span class='ocrx_word' id='word_1_329' title='bbox 1078 3421 1187 3488; x_wconf 82' lang='grc' dir='ltr'>τοῦτον,</span> <span class='ocrx_word' id='word_1_330' title='bbox 1203 3418 1362 3472; x_wconf 77' lang='grc' dir='ltr'>κοινωνοῦσι</span> <span class='ocrx_word' id='word_1_331' title='bbox 1382 3413 1428 3470; x_wconf 86' lang='grc' dir='ltr'>καί</span> <span class='ocrx_word' id='word_1_332' title='bbox 1447 3413 1516 3470; x_wconf 80' lang='grc' dir='ltr'>κατὰ</span> 
     </span>
     <span class='ocr_line' id='line_1_29' title="bbox 395 3511 1514 3595; baseline -0.002 -25"><span class='ocrx_word' id='word_1_333' title='bbox 395 3519 485 3571; x_wconf 90' lang='grc' dir='ltr'>τοῦτο·</span> <span class='ocrx_word' id='word_1_334' title='bbox 501 3516 568 3572; x_wconf 83' lang='grc' dir='ltr'>καθὸ</span> <span class='ocrx_word' id='word_1_335' title='bbox 581 3512 610 3572; x_wconf 82' lang='grc' dir='ltr'>δὶ</span> <span class='ocrx_word' id='word_1_336' title='bbox 622 3514 675 3595; x_wconf 82' lang='grc' dir='ltr'>οὸχ</span> <span class='ocrx_word' id='word_1_337' title='bbox 689 3517 703 3572; x_wconf 94' lang='lat'>6</span> <span class='ocrx_word' id='word_1_338' title='bbox 716 3515 796 3580; x_wconf 81' lang='grc' dir='ltr'>αὐτός</span> <span class='ocrx_word' id='word_1_339' title='bbox 811 3515 866 3573; x_wconf 85' lang='grc' dir='ltr'>έστι</span> <span class='ocrx_word' id='word_1_340' title='bbox 879 3517 924 3574; x_wconf 84' lang='grc' dir='ltr'>καί</span> <span class='ocrx_word' id='word_1_341' title='bbox 935 3515 1032 3590; x_wconf 75' lang='grc' dir='ltr'>ὅμοιος</span> <span class='ocrx_word' id='word_1_342' title='bbox 1045 3512 1163 3593; x_wconf 81' lang='grc' dir='ltr'>Φαῖδρος</span> <span class='ocrx_word' id='word_1_343' title='bbox 1176 3515 1191 3570; x_wconf 91' lang='lat'>6</span> <span class='ocrx_word' id='word_1_344' title='bbox 1203 3511 1289 3571; x_wconf 81' lang='grc' dir='ltr'>πέλαι</span> <span class='ocrx_word' id='word_1_345' title='bbox 1302 3513 1347 3570; x_wconf 88' lang='grc' dir='ltr'>καί</span> <span class='ocrx_word' id='word_1_346' title='bbox 1361 3516 1420 3584; x_wconf 91' lang='grc' dir='ltr'>νῦν,</span> <span class='ocrx_word' id='word_1_347' title='bbox 1430 3511 1514 3588; x_wconf 69' lang='grc' dir='ltr'>ταύτῃ</span> 
     </span>
     <span class='ocr_line' id='line_1_30' title="bbox 395 3609 1515 3695; baseline -0.003 -26"><span class='ocrx_word' id='word_1_348' title='bbox 395 3609 572 3692; x_wconf 85' lang='grc' dir='ltr'>διαφέρουσιν·</span> <span class='ocrx_word' id='word_1_349' title='bbox 594 3612 622 3670; x_wconf 87' lang='grc' dir='ltr'>έν</span> <span class='ocrx_word' id='word_1_350' title='bbox 638 3615 687 3688; x_wconf 81' lang='grc' dir='ltr'>μὶν</span> <span class='ocrx_word' id='word_1_351' title='bbox 707 3615 758 3694; x_wconf 75' lang='grc' dir='ltr'>γὰρ</span> <span class='ocrx_word' id='word_1_352' title='bbox 775 3619 815 3692; x_wconf 82' lang='grc' dir='ltr'>τῷ</span> <span class='ocrx_word' id='word_1_353' title='bbox 834 3614 934 3695; x_wconf 80' lang='grc' dir='ltr'>πρώτῳ</span> <span class='ocrx_word' id='word_1_354' title='bbox 953 3613 1028 3692; x_wconf 85' lang='grc' dir='ltr'>λόγῳ</span> <span class='ocrx_word' id='word_1_355' title='bbox 1049 3613 1208 3691; x_wconf 76' lang='grc' dir='ltr'>Σωκράτους</span> <span class='ocrx_word' id='word_1_356' title='bbox 1228 3609 1304 3668; x_wconf 86' lang='grc' dir='ltr'>οῦπω</span> <span class='ocrx_word' id='word_1_357' title='bbox 1327 3612 1362 3681; x_wconf 74' lang='grc' dir='ltr'>ἦν</span> <span class='ocrx_word' id='word_1_358' title='bbox 1382 3613 1515 3688; x_wconf 85' lang='grc' dir='ltr'>κεκαθαρ-</span> 
     </span>
    </p>

    <p class='ocr_par' dir='ltr' id='par_1_12' title="bbox 331 3707 1574 4184">
     <span class='ocr_line' id='line_1_31' title="bbox 331 3707 1574 3790; baseline -0.006 -20"><span class='ocrx_word' id='word_1_359' title='bbox 331 3719 363 3770; x_wconf 84' lang='grc'>30</span> <span class='ocrx_word' id='word_1_360' title='bbox 396 3710 477 3786; x_wconf 85' lang='grc' dir='ltr'>μένος</span> <span class='ocrx_word' id='word_1_361' title='bbox 498 3713 512 3767; x_wconf 94' lang='lat'>6</span> <span class='ocrx_word' id='word_1_362' title='bbox 532 3709 649 3790; x_wconf 84' lang='grc' dir='ltr'>Φαῖδρος</span> <span class='ocrx_word' id='word_1_363' title='bbox 671 3707 810 3790; x_wconf 80' lang='grc' dir='ltr'>(έδοόλετο</span> <span class='ocrx_word' id='word_1_364' title='bbox 829 3711 880 3790; x_wconf 72' lang='grc' dir='ltr'>γὰρ</span> <span class='ocrx_word' id='word_1_365' title='bbox 900 3710 955 3770; x_wconf 88' lang='grc' dir='ltr'>έκεῖ</span> <span class='ocrx_word' id='word_1_366' title='bbox 974 3711 1053 3768; x_wconf 82' lang='grc' dir='ltr'>αὐτὸν</span> <span class='ocrx_word' id='word_1_367' title='bbox 1071 3713 1188 3790; x_wconf 81' lang='grc' dir='ltr'>καθῆραι</span> <span class='ocrx_word' id='word_1_368' title='bbox 1205 3709 1251 3767; x_wconf 90' lang='grc' dir='ltr'>καί</span> <span class='ocrx_word' id='word_1_369' title='bbox 1274 3710 1313 3772; x_wconf 83' lang='grc' dir='ltr'>τίς</span> <span class='ocrx_word' id='word_1_370' title='bbox 1332 3709 1425 3768; x_wconf 77' lang='grc' dir='ltr'>έαυτὸν</span> <span class='ocrx_word' id='word_1_371' title='bbox 1440 3707 1516 3764; x_wconf 87' lang='grc' dir='ltr'>έπισ-</span> <span class='ocrx_word' id='word_1_372' title='bbox 1572 3730 1574 3736; x_wconf 74' lang='grc'><strong>’</strong></span> 
     </span>
     <span class='ocr_line' id='line_1_32' title="bbox 394 3807 1515 3890; baseline -0.003 -24"><span class='ocrx_word' id='word_1_373' title='bbox 394 3809 510 3890; x_wconf 79' lang='grc' dir='ltr'>τρέψαι),</span> <span class='ocrx_word' id='word_1_374' title='bbox 534 3810 647 3867; x_wconf 81' lang='grc' dir='ltr'>ἐνταῦθα</span> <span class='ocrx_word' id='word_1_375' title='bbox 666 3809 694 3867; x_wconf 76' lang='grc' dir='ltr'>δέ</span> <span class='ocrx_word' id='word_1_376' title='bbox 715 3811 753 3874; x_wconf 87' lang='grc' dir='ltr'>ὡς</span> <span class='ocrx_word' id='word_1_377' title='bbox 772 3809 827 3882; x_wconf 68' lang='grc' dir='ltr'>ἤδη</span> <span class='ocrx_word' id='word_1_378' title='bbox 848 3811 1049 3890; x_wconf 85' lang='grc' dir='ltr'>κεκαθαρμένος</span> <span class='ocrx_word' id='word_1_379' title='bbox 1071 3811 1116 3867; x_wconf 85' lang='grc' dir='ltr'>καί</span> <span class='ocrx_word' id='word_1_380' title='bbox 1136 3810 1230 3867; x_wconf 70' lang='grc' dir='ltr'>ἑαυτὸν</span> <span class='ocrx_word' id='word_1_381' title='bbox 1254 3810 1399 3888; x_wconf 71' lang='grc' dir='ltr'>ειεωρήσας</span> <span class='ocrx_word' id='word_1_382' title='bbox 1418 3807 1463 3864; x_wconf 80' lang='grc' dir='ltr'>καῖ</span> <span class='ocrx_word' id='word_1_383' title='bbox 1485 3807 1515 3863; x_wconf 87' lang='grc' dir='ltr'>τὸ</span> 
     </span>
     <span class='ocr_line' id='line_1_33' title="bbox 395 3904 1514 3989; baseline -0.005 -23"><span class='ocrx_word' id='word_1_384' title='bbox 395 3907 422 3966; x_wconf 85' lang='grc' dir='ltr'>έν</span> <span class='ocrx_word' id='word_1_385' title='bbox 441 3912 517 3989; x_wconf 53' lang='grc' dir='ltr'>ψυχῇ</span> <span class='ocrx_word' id='word_1_386' title='bbox 537 3906 640 3973; x_wconf 75' lang='grc' dir='ltr'>κάλλος</span> <span class='ocrx_word' id='word_1_387' title='bbox 658 3909 731 3965; x_wconf 83' lang='grc' dir='ltr'>οῦτω</span> <span class='ocrx_word' id='word_1_388' title='bbox 751 3904 992 3989; x_wconf 83' lang='grc' dir='ltr'>παραλαμῦένεται</span> <span class='ocrx_word' id='word_1_389' title='bbox 1010 3911 1024 3965; x_wconf 95' lang='lat'>6</span> <span class='ocrx_word' id='word_1_390' title='bbox 1039 3905 1170 3988; x_wconf 86' lang='grc' dir='ltr'>Φαῖδρος.</span> <span class='ocrx_word' id='word_1_391' title='bbox 1188 3907 1234 3964; x_wconf 84' lang='grc' dir='ltr'>Διὸ</span> <span class='ocrx_word' id='word_1_392' title='bbox 1249 3905 1304 3964; x_wconf 90' lang='grc' dir='ltr'>έκεῖ</span> <span class='ocrx_word' id='word_1_393' title='bbox 1320 3906 1369 3981; x_wconf 81' lang='grc' dir='ltr'>μὶν</span> <span class='ocrx_word' id='word_1_394' title='bbox 1384 3905 1514 3984; x_wconf 80' lang='grc' dir='ltr'>δορίστως</span> 
     </span>
     <span class='ocr_line' id='line_1_34' title="bbox 394 4001 1514 4087; baseline -0.005 -23"><span class='ocrx_word' id='word_1_395' title='bbox 394 4009 487 4074; x_wconf 83' lang='grc' dir='ltr'>ὀπαῖς</span> <span class='ocrx_word' id='word_1_396' title='bbox 502 4003 670 4083; x_wconf 81' lang='grc' dir='ltr'>λαμόιίνεται</span> <span class='ocrx_word' id='word_1_397' title='bbox 683 4009 728 4065; x_wconf 85' lang='grc' dir='ltr'>καί</span> <span class='ocrx_word' id='word_1_398' title='bbox 745 4008 783 4071; x_wconf 89' lang='grc' dir='ltr'>ὡς</span> <span class='ocrx_word' id='word_1_399' title='bbox 798 4009 865 4087; x_wconf 88' lang='grc' dir='ltr'>πρὸς</span> <span class='ocrx_word' id='word_1_400' title='bbox 883 4007 984 4064; x_wconf 83' lang='grc' dir='ltr'>ιἰπόνια</span> <span class='ocrx_word' id='word_1_401' title='bbox 1003 4005 1166 4085; x_wconf 82' lang='grc' dir='ltr'>διαλέγεται·</span> <span class='ocrx_word' id='word_1_402' title='bbox 1185 4031 1199 4061; x_wconf 87' lang='grc' dir='ltr'>ιι</span> <span class='ocrx_word' id='word_1_403' title='bbox 1216 4005 1254 4074; x_wconf 69' lang='grc' dir='ltr'>ἦν</span> <span class='ocrx_word' id='word_1_404' title='bbox 1272 4004 1358 4061; x_wconf 81' lang='grc' dir='ltr'>οότω</span> <span class='ocrx_word' id='word_1_405' title='bbox 1379 4001 1415 4075; x_wconf 79' lang='grc' dir='ltr'>δὴ</span> <span class='ocrx_word' id='word_1_406' title='bbox 1436 4010 1514 4069; x_wconf 85' lang='grc' dir='ltr'>παῖς</span> 
     </span>
     <span class='ocr_line' id='line_1_35' title="bbox 396 4100 1516 4184; baseline -0.005 -23"><span class='ocrx_word' id='word_1_407' title='bbox 396 4102 576 4180; x_wconf 76' lang='grc' dir='ltr'>μᾶλλονδὲ</span> <span class='ocrx_word' id='word_1_408' title='bbox 597 4105 807 4184; x_wconf 87' lang='grc' dir='ltr'>μειρακίσκος</span> <span class='ocrx_word' id='word_1_409' title='bbox 828 4103 917 4180; x_wconf 84' lang='grc' dir='ltr'>μέλα</span> <span class='ocrx_word' id='word_1_410' title='bbox 934 4101 1050 4177; x_wconf 86' lang='grc' dir='ltr'>καλός,</span> <span class='ocrx_word' id='word_1_411' title='bbox 1068 4129 1083 4160; x_wconf 82' lang='grc' dir='ltr'>ι)</span> <span class='ocrx_word' id='word_1_412' title='bbox 1103 4105 1148 4161; x_wconf 87' lang='grc' dir='ltr'>καί</span> <span class='ocrx_word' id='word_1_413' title='bbox 1166 4102 1249 4161; x_wconf 78' lang='grc' dir='ltr'>πάλιν</span> <span class='ocrx_word' id='word_1_414' title='bbox 1269 4100 1375 4182; x_wconf 87' lang='grc' dir='ltr'>ιιπερί</span> <span class='ocrx_word' id='word_1_415' title='bbox 1396 4100 1516 4164; x_wconf 88' lang='grc' dir='ltr'>παντὸς</span> 
     </span>
    </p>
   </div>
   <div class='ocr_carea' id='block_1_7' title="bbox 368 4356 920 4410">
    <p class='ocr_par' dir='ltr' id='par_1_13' title="bbox 368 4356 920 4410">
     <span class='ocr_line' id='line_1_36' title="bbox 368 4356 920 4410; baseline -0.002 -2"><span class='ocrx_word' id='word_1_416' title='bbox 368 4389 372 4396; x_wconf 91' lang='grc'>-</span> <span class='ocrx_word' id='word_1_417' title='bbox 425 4357 539 4408; x_wconf 73' lang='lat' dir='ltr'>³24³ss</span> <span class='ocrx_word' id='word_1_418' title='bbox 602 4358 730 4410; x_wconf 74' lang='lat'>172470</span> <span class='ocrx_word' id='word_1_419' title='bbox 793 4356 920 4409; x_wconf 79' lang='grc'>332373</span> 
     </span>
    </p>
   </div>
   <div class='ocr_carea' id='block_1_8' title="bbox 393 4477 1514 4831">
    <p class='ocr_par' dir='ltr' id='par_1_14' title="bbox 393 4477 1514 4831">
     <span class='ocr_line' id='line_1_37' title="bbox 426 4477 1453 4547; baseline 0 -17"><span class='ocrx_word' id='word_1_420' title='bbox 426 4479 626 4547; x_wconf 77' lang='grc' dir='ltr'>Νὒδέαυτιιῖν]</span> <span class='ocrx_word' id='word_1_421' title='bbox 645 4482 707 4546; x_wconf 83' lang='grc' dir='ltr'>αῦτῆ</span> <span class='ocrx_word' id='word_1_422' title='bbox 728 4481 755 4530; x_wconf 84' lang='grc' dir='ltr'><strong>Μ</strong></span> <span class='ocrx_word' id='word_1_423' title='bbox 820 4482 906 4532; x_wconf 75' lang='grc' dir='ltr'>έὰντί</span> <span class='ocrx_word' id='word_1_424' title='bbox 920 4483 963 4532; x_wconf 87' lang='grc' dir='ltr'>τοῦ</span> <span class='ocrx_word' id='word_1_425' title='bbox 978 4479 1078 4530; x_wconf 88' lang='lat' dir='ltr'><strong>om.M</strong></span> <span class='ocrx_word' id='word_1_426' title='bbox 1142 4477 1453 4545; x_wconf 75' lang='grc' dir='ltr'>6βοῦλειΑοί.79,22</span> 
     </span>
     <span class='ocr_line' id='line_1_38' title="bbox 393 4541 1514 4620; baseline 0 -20"><span class='ocrx_word' id='word_1_427' title='bbox 393 4551 594 4620; x_wconf 77' lang='grc' dir='ltr'>θπρὸςέπλιῖις]</span> <span class='ocrx_word' id='word_1_428' title='bbox 610 4541 767 4619; x_wconf 65' lang='grc' dir='ltr'>ιἰπλῶςπρὸς</span> <span class='ocrx_word' id='word_1_429' title='bbox 783 4552 811 4602; x_wconf 85' lang='grc' dir='ltr'><strong>Μ</strong></span> <span class='ocrx_word' id='word_1_430' title='bbox 876 4553 907 4601; x_wconf 87' lang='grc'>10</span> <span class='ocrx_word' id='word_1_431' title='bbox 923 4550 1172 4614; x_wconf 82' lang='grc' dir='ltr'>τελειῶν]τελε’σων’ί</span> <span class='ocrx_word' id='word_1_432' title='bbox 1237 4550 1266 4600; x_wconf 93' lang='grc'>11</span> <span class='ocrx_word' id='word_1_433' title='bbox 1282 4551 1514 4611; x_wconf 77' lang='grc' dir='ltr'>οῦτωσ1,οῦι“υῖ)ε.</span> 
     </span>
     <span class='ocr_line' id='line_1_39' title="bbox 394 4620 1498 4687; baseline 0.001 -15"><span class='ocrx_word' id='word_1_434' title='bbox 394 4625 419 4672; x_wconf 86' lang='grc' dir='ltr'><strong>Α</strong></span> <span class='ocrx_word' id='word_1_435' title='bbox 482 4625 512 4674; x_wconf 83' lang='lat'>15</span> <span class='ocrx_word' id='word_1_436' title='bbox 528 4624 588 4674; x_wconf 81' lang='grc' dir='ltr'>1οη.</span> <span class='ocrx_word' id='word_1_437' title='bbox 601 4625 629 4675; x_wconf 81' lang='grc' dir='ltr'>τὸ</span> <span class='ocrx_word' id='word_1_438' title='bbox 646 4628 671 4676; x_wconf 83' lang='grc' dir='ltr'>έν</span> <span class='ocrx_word' id='word_1_439' title='bbox 687 4621 834 4687; x_wconf 79' lang='grc' dir='ltr'>έπιστήμαις</span> <span class='ocrx_word' id='word_1_440' title='bbox 848 4639 874 4674; x_wconf 87' lang='grc' dir='ltr'>τε</span> <span class='ocrx_word' id='word_1_441' title='bbox 938 4623 968 4671; x_wconf 84' lang='grc'>16</span> <span class='ocrx_word' id='word_1_442' title='bbox 982 4630 1024 4686; x_wconf 80' lang='grc' dir='ltr'>τῆς</span> <span class='ocrx_word' id='word_1_443' title='bbox 1038 4621 1202 4684; x_wconf 48' lang='lat' dir='ltr'>scripsit&amp;</span> <span class='ocrx_word' id='word_1_444' title='bbox 1214 4621 1277 4672; x_wconf 81' lang='lat' dir='ltr'>libri</span> <span class='ocrx_word' id='word_1_445' title='bbox 1341 4620 1373 4672; x_wconf 88' lang='grc'>19</span> <span class='ocrx_word' id='word_1_446' title='bbox 1389 4621 1498 4687; x_wconf 82' lang='grc' dir='ltr'>έπὶ]ῦπέ</span> 
     </span>
     <span class='ocr_line' id='line_1_40' title="bbox 395 4691 1501 4762; baseline -0.004 -16"><span class='ocrx_word' id='word_1_447' title='bbox 395 4695 447 4746; x_wconf 82' lang='lat' dir='ltr'>M:</span> <span class='ocrx_word' id='word_1_448' title='bbox 466 4697 527 4762; x_wconf 87' lang='grc' dir='ltr'>πρὸς</span> <span class='ocrx_word' id='word_1_449' title='bbox 545 4700 603 4746; x_wconf 65' lang='lat' dir='ltr'>Ast</span> <span class='ocrx_word' id='word_1_450' title='bbox 665 4695 696 4745; x_wconf 77' lang='lat'>22</span> <span class='ocrx_word' id='word_1_451' title='bbox 712 4691 911 4756; x_wconf 74' lang='grc' dir='ltr'>θθοῦλιταιίείο)</span> <span class='ocrx_word' id='word_1_452' title='bbox 926 4696 951 4743; x_wconf 87' lang='grc' dir='ltr'>Α</span> <span class='ocrx_word' id='word_1_453' title='bbox 1014 4693 1112 4756; x_wconf 85' lang='grc' dir='ltr'>έαυτὸν]</span> <span class='ocrx_word' id='word_1_454' title='bbox 1128 4693 1202 4744; x_wconf 73' lang='grc' dir='ltr'>αὐτὸν</span> <span class='ocrx_word' id='word_1_455' title='bbox 1223 4691 1252 4743; x_wconf 88' lang='grc' dir='ltr'>Μ</span> <span class='ocrx_word' id='word_1_456' title='bbox 1316 4693 1347 4743; x_wconf 76' lang='lat'>34</span> <span class='ocrx_word' id='word_1_457' title='bbox 1364 4695 1458 4756; x_wconf 74' lang='grc' dir='ltr'>μᾶλλον</span> <span class='ocrx_word' id='word_1_458' title='bbox 1474 4691 1501 4742; x_wconf 78' lang='grc' dir='ltr'>δέ</span> 
     </span>
     <span class='ocr_line' id='line_1_41' title="bbox 396 4765 854 4831; baseline 0 -15"><span class='ocrx_word' id='word_1_459' title='bbox 396 4768 490 4830; x_wconf 77' lang='grc' dir='ltr'>μᾶλλον</span> <span class='ocrx_word' id='word_1_460' title='bbox 503 4766 591 4818; x_wconf 82' lang='grc' dir='ltr'>ααῖΜ</span> <span class='ocrx_word' id='word_1_461' title='bbox 655 4765 741 4831; x_wconf 80' lang='grc' dir='ltr'>καλός]</span> <span class='ocrx_word' id='word_1_462' title='bbox 756 4769 810 4825; x_wconf 83' lang='grc' dir='ltr'>νέος</span> <span class='ocrx_word' id='word_1_463' title='bbox 826 4765 854 4816; x_wconf 88' lang='grc' dir='ltr'><strong>Μ</strong></span> 
     </span>
    </p>
   </div>
   <div class='ocr_carea' id='block_1_9' title="bbox 0 0 1834 5686">
    <p class='ocr_par' dir='ltr' id='par_1_15' title="bbox 0 0 1834 5686">
     <span class='ocr_line' id='line_1_42' title="bbox 0 0 1834 5686; baseline 0 0"><span class='ocrx_word' id='word_1_464' title='bbox 0 0 1834 5686; x_wconf 95' lang='lat' dir='ltr'> </span> 
     </span>
    </p>
   </div>
  </div>
 </body>
</html>
