3600 5734
455 681 501 732 196
837 667 977 721 mmor
998 669 1196 744 ‹mosmol‘

359 831 424 900 1168]
456 827 543 887 ἀίεται
559 827 699 906 μιγάλων·
716 826 820 893 δεικνύς
835 827 876 883 ότι
890 828 919 884 σί
934 828 1102 906 παραινέσεις
1119 825 1180 886 ούόὶ
1194 829 1291 906 μικρόν
1306 849 1331 885 τι
1346 827 1470 888 δύνανται
1485 831 1581 889 ἀνύσαι

458 927 495 992 είς
512 927 575 990 τοῦς
591 926 729 991 τοιούτους
750 925 916 1006 ἀνθρώπους·
938 923 980 982 ἀιά
998 925 1094 982 τούτου
1114 923 1315 1001 ἐνδεικνύμενος
1331 926 1371 984 ότι
1385 927 1496 1000 πολλῆς
1510 950 1582 1008 προ-

457 1033 543 1106 σοχῆς
554 1026 637 1106 χρεία
650 1024 704 1082 ίατί
718 1029 753 1101 τῇ
766 1027 853 1103 ψυχῇ,
868 1025 938 1080 ὥστε
951 1024 1087 1081 συνεθίσαι
1101 1023 1185 1096 αύτην
1199 1031 1238 1099 τῷ
1251 1025 1374 1100 ἀμείνονι
1385 1025 1473 1104 ίππῳ,
1488 1025 1581 1097 ἐπειδὴ

456 1125 536 1186 οὗτος
551 1125 566 1180 θ
580 1121 663 1186 ’ίππος
676 1121 843 1196 κελεύσματι
857 1121 902 1176 καί
918 1119 996 1199 λόγῳ
1010 1125 1176 1202 ἧνιοχιῖται,
1193 1123 1207 1178 ό
1222 1119 1251 1179 όὶ
1264 1131 1314 1194 τῆς
1325 1121 1468 1198 ἐπιθυμίας
1485 1124 1585 1204 μόγις

410 1227 425 1276 5
459 1221 528 1296 μετά
550 1219 679 1298 μάστιγος
696 1219 741 1275 καί
757 1219 886 1297 κίντρων·
908 1215 949 1274 θιῦ
968 1215 1029 1274 ούθὶ
1049 1217 1192 1299 ἀνέχονται
1209 1219 1236 1276 οί
1255 1219 1343 1293 τούτῳ
1358 1224 1395 1298 τῷ
1408 1219 1485 1296 ’ίππιμ
1499 1241 1583 1278 κατα-

458 1319 597 1400 σχεθέντες
611 1317 806 1396 παραινέσεων,
1552 1303 1556 1308 ”

498 1467 549 1530 νά’.
573 1465 669 1526 Ὀταν
690 1466 723 1526 δὲ
744 1465 800 1524 ούν
821 1470 836 1523 θ
857 1466 1010 1548 ἡνίοχος]
1033 1468 1092 1526 253
1114 1466 1152 1526 Ε.

498 1611 643 1684 Βουληθιίς
665 1611 752 1668 εἰπεῖν
772 1616 831 1675 πῶς
852 1609 1029 1668 ἁλίσκεται
1044 1612 1059 1666 θ
1074 1611 1229 1690 αἱρεθείς,
1247 1612 1307 1669 εἶπε
1324 1617 1433 1692 πρῶτον
1451 1615 1582 1692 περὶτῶν

456 1712 548 1770 ’ίππων
567 1720 618 1782 τῆς
637 1713 729 1790 ψυχῆς
748 1717 800 1780 τῆς
818 1707 870 1780 ἤθη
891 1708 1135 1786 προοομιλησάσης
1151 1713 1188 1786 τῷ
1210 1708 1328 1783 σώματι,
1348 1709 1470 1767 τουτέστι
1489 1716 1583 1785 Ξυμοῦ

397 1808 427 1858 1⁰
458 1811 503 1868 καί
524 1808 673 1884 ίπιθυμίας,
697 1805 864 1880 Βουλόμενος
887 1807 970 1864 εἰπεῖν
994 1805 1083 1863 τοίνυν
1106 1807 1165 1885 περὶ
1186 1805 1330 1886 ἐγκρατοῦς
1351 1806 1407 1888 [καί
1425 1809 1581 1889 ἀκρατοῦςί,

458 1909 579 1966 τουτέστι
592 1907 653 1985 περὶ
667 1905 823 1982 ἀναγωγοῦ,
840 1902 913 1982 λέγει
924 1905 987 1982 περί
1002 1909 1050 1960 τοῦ
1065 1902 1194 1975 ἀληθινοῦ
1210 1903 1310 1984 ίρωτος
1325 1907 1370 1962 καὶ
1384 1905 1412 1962 ἐν
1428 1907 1584 1964 ἀποπτώσει

458 2007 504 2064 καί
519 2003 546 2062 ἐν
560 1999 691 2079 συμμίξαι
706 2001 910 2081 θεωρουμένου.
929 2001 980 2058 Δύο
992 2002 1044 2082 γάρ
1059 1999 1145 2058 όντων
1159 2007 1250 2080 μερῶν
1264 2011 1313 2075 τῆς
1325 2007 1428 2084 ψυχῆς,
1442 2001 1523 2080 λόγου
1537 2005 1583 2060 καὶ

460 2103 586 2183 ἀλογίας,
603 2101 718 2180 τέσσαρά
733 2122 793 2157 τινα
809 2098 910 2176 μεταξύ
926 2100 1109 2180 ἀναραίνεται,
1126 2101 1165 2156 ὧν
1183 2102 1210 2156 αἳ
1225 2101 1275 2175 μὶν
1289 2100 1390 2180 ἀρεταί,
1409 2103 1436 2158 αἳ
1450 2100 1479 2158 δὲ
1493 2103 1584 2158 κακίαι

460 2201 538 2260 είσίν.
555 2197 639 2256 Ὅταν
654 2199 702 2274 μὶν
715 2199 766 2278 γάρ
780 2200 795 2254 θ
811 2195 942 2276 λογισμὸς
954 2201 1109 2278 κατακρατῇ
1123 2204 1172 2254 τοῦ
1189 2197 1304 2276 ἀλόγου,
1322 2199 1360 2262 ὡς
1375 2201 1413 2273 μή
1431 2197 1585 2256 ἀντιτείνειν

401 2298 428 2346 ¹5
461 2300 492 2355 τῦ
512 2283 615 2376 ἀλογάν
635 2295 707 2354 ἀλλά
728 2293 949 2376 ἠνδραποδίσθαι,
971 2295 1032 2352 τότε
1053 2295 1211 2376 σωφροσύνη
1234 2295 1338 2374 γίνεται
1359 2297 1390 2352 τό
1412 2296 1478 2355 θ’λον
1491 2303 1583 2354 τοῦτο·

462 2397 524 2454 όταν
544 2394 572 2453 θλ
591 2396 621 2452 τὸ
641 2392 773 2452 ἀνάπαλιν
788 2394 806 2470 ᾖ
821 2393 866 2450 καί
882 2395 896 2450 θ
912 2389 997 2472 λόγος
1013 2392 1132 2470 θουλεύη
1147 2398 1181 2468 τῇ
1197 2391 1293 2471 ἀλογίᾳ
1308 2391 1524 2472 ἀνόραποθισθεὶς
1541 2394 1586 2451 ὑπ’

461 2494 555 2565 αύτῆς,
576 2490 719 2550 ἀκολασία·
738 2491 802 2548 όταν
823 2487 851 2547 δὲ
868 2494 924 2546 τῶν
944 2488 991 2546 θύο
1006 2491 1110 2546 τούτων
1124 2489 1234 2568 γίνηται
1251 2491 1341 2571 μίγη,
1356 2497 1519 2570 κρατοῦντος
1535 2493 1585 2566 μὶν

460 2597 508 2648 τοῦ
523 2590 605 2669 λόγου
621 2591 724 2668 γίνεται
739 2589 888 2668 ἐγκράτεια,
903 2593 950 2645 τοῦ
964 2586 993 2644 δὲ
1007 2587 1108 2666 ἀλόγου
1123 2589 1257 2668 ἀκράτεια.
1275 2589 1339 2669 Περὶ
1352 2594 1409 2646 τῶν
1423 2588 1470 2647 οῦν
1483 2611 1585 2646 παντο-

463 2689 555 2747 δαπῶν
577 2685 734 2763 συμμίξειαν
757 2693 805 2744 τοῦ
825 2683 927 2766 ἔρωτος
949 2686 1062 2744 ἐνταῦθα
1084 2686 1212 2764 βούλεται
1232 2683 1369 2747 διαλαθεῖν
1389 2691 1434 2745 καί
1456 2685 1586 2768 περὶτοῦ

400 2786 431 2836 20
463 2788 607 2862 ἀμείνονος
625 2787 670 2843 καί
687 2785 829 2866 ἐγκρατοῦς
847 2782 947 2866 ἔρωτος
964 2786 1009 2841 καί
1023 2785 1166 2865 ἀναγωγοῦ
1179 2785 1275 2856 ίππου,
1295 2787 1337 2843 θ’τι
1351 2785 1457 2844 θλκεται
1473 2787 1522 2861 μὲν
1537 2787 1586 2844 ἀτε

462 2885 494 2958 δὴ
513 2887 620 2960 σώματι
638 2883 845 2964 προσομιλοῦσα
863 2887 880 2956 ἡ
896 2886 970 2964 ψυχὴ
988 2884 1038 2940 ὑπὸ
1054 2889 1101 2940 τοῦ
1116 2882 1267 2941 ἀκολάστου
1281 2889 1334 2940 τῦιν
1350 2883 1453 2957 Ἵππων,
1468 2884 1536 2955 αῦτη
1557 2882 1587 2941 όὶ

463 2982 584 3040 ἀνθίλκει
598 2985 644 3040 τὸν
659 2983 770 3063 χείρονα
785 2987 839 3038 τῶν
852 2981 945 3038 ίππων
959 2983 1017 3055 ι’ίμα
1033 2987 1071 3058 τῷ
1086 2981 1210 3056 ἀμείνονι
1225 2987 1279 3038 τῶν
1292 2981 1385 3038 ίππων
1400 2982 1441 3047 είς
1454 2983 1488 3039 τά
1500 2983 1587 3054 νοητά

465 3077 538 3152 είδη.
561 3115 600 3126 -
619 3081 658 3136 Τὸ
681 3077 709 3136 θὲ
731 3078 889 3158 ἐρωτικὸν
913 3076 1017 3152 ἀμμα,
1043 3077 1161 3134 τουτέστι
1181 3079 1231 3148 τὴν
1253 3081 1302 3134 τοῦ
1324 3075 1462 3156 ίρωμίνου
1483 3081 1584 3158 ψυχήν·

463 3177 524 3234 τότε
544 3175 572 3234 ἀὶ
585 3177 683 3257 κυρίως
699 3176 802 3255 γίνεταί
819 3198 860 3238 τις
878 3175 1018 3255 ἐρωτικὸς,
1035 3175 1099 3231 όταν
1116 3174 1155 3239 είς
1173 3174 1266 3230 ἔαυτόν
1284 3174 1442 3252 ἐπιστρέψῃ·
1459 3180 1539 3232 τοῦτο
1558 3174 1587 3232 θὶ

400 3287 431 3338 25
465 3273 537 3332 ἔσται
559 3273 603 3332 διά
623 3280 677 3330 τῦιν
699 3275 844 3348 θμμάτων,
866 3272 940 3345 όταν,
961 3272 1050 3335 καθὼς
1069 3272 1143 3330 εἶπεν
1162 3271 1189 3328 ἐν
1207 3277 1244 3350 τῷ
1259 3266 1467 3348 ’Δλκιόιάδη,
1486 3271 1587 3350 βουλό-

466 3395 546 3448 μενος
562 3374 656 3430 ἑαυτὸν
672 3371 739 3429 ίθεῖν
754 3393 794 3435 τις
812 3372 849 3436 είς
863 3371 953 3450 ἑτέραν
968 3372 1061 3451 ψυχὴν
1076 3367 1171 3446 ἀπίθη·
1189 3371 1234 3426 καί
1248 3371 1301 3449 γάρ
1321 3369 1364 3426 ἐπὶ
1381 3375 1436 3426 τῶν
1453 3371 1587 3441 αἰσθητῶν

464 3471 574 3534 ίαυτοῦς
596 3469 760 3548 βουλόμενοι
781 3468 859 3542 ίθεῖν,
881 3466 957 3526 οῦδὲν
978 3466 1049 3524 ἀλλο
1072 3467 1167 3523 τούτου
1191 3465 1359 3547 παράδειγμα
1383 3467 1542 3548 εὑρίσκομεν
1567 3469 1585 3540 ἦ

465 3569 607 3650 ὀφθαλμὸν
621 3565 712 3638 ἐπειδὴ
726 3569 763 3630 είς
776 3569 872 3624 ταυτὸν
887 3565 1026 3647 αυντρὲχει
1037 3566 1068 3621 τὸ
1084 3567 1154 3644 θρῶν
1168 3565 1254 3622 καὶτὸ
1270 3565 1406 3646 ὁρατικόν·
1423 3566 1451 3624 ἐν
1465 3567 1515 3646 γάρ
1528 3572 1586 3631 τοῖς

465 3667 623 3746 κατόπτροις
640 3664 704 3722 ἀλλο
720 3665 773 3722 ἐστὶ
786 3666 816 3721 τὸ
832 3667 902 3744 όριῖιν
913 3664 958 3720 καί
973 3663 1044 3721 ἀλλο
1059 3663 1114 3720 ἐστὶ
1127 3665 1157 3720 τὸ
1173 3663 1309 3742 ὁρατικόν.
1326 3697 1365 3708 -
1378 3665 1413 3720 Τὸ
1429 3663 1457 3721 θλ
1468 3671 1585 3736 πᾶσαν,

368 3776 448 3842 p.169
465 3763 586 3822 τουτέστι
601 3763 634 3820 δι’
648 3762 716 3836 θ’λης
734 3764 739 3842 λ
756 3773 805 3835 τῆς
819 3766 920 3842 ψυχῆς,
934 3759 1027 3826 καλῶς
1043 3762 1113 3819 εἶπε·
1129 3762 1176 3817 τὸν
1191 3761 1242 3840 γὰρ
1256 3757 1342 3841 ἔρωτα
1357 3763 1423 3842 ὅπερ
1439 3761 1493 3819 ίστί
1504 3762 1588 3826 πόθος

496 4089 525 4138 25
544 4085 632 4137 Accio.
649 4086 658 4135 1
675 4085 757 4137 132ss

496 4201 558 4254 TIT
578 4203 609 4253 10
625 4205 679 4269 περὶ
699 4203 834 4270 ἐγκρατοῦς
851 4203 893 4252 καί
913 4201 1037 4267 ἀκρατοῦς
1056 4199 1076 4249 C
1140 4199 1170 4250 12
1190 4201 1264 4265 λόγος
1284 4202 1326 4251 καί
1346 4200 1436 4264 ἀλογία
1455 4199 1486 4250 τά
1505 4203 1589 4266 ψυχῆς

467 4275 564 4344 μίρηΟ
627 4275 656 4323 15
673 4269 861 4340 σωρροσύνηῦ
925 4270 953 4321 17
972 4270 1134 4323 ἀκολασίαῦ
1198 4270 1229 4320 18
1245 4269 1385 4337 ίγκρόιτεια·
1402 4267 1557 4338 ἀκράτειαί)

498 4393 544 4443 NC
561 4391 574 4442 l
592 4389 682 4455 θύεται]
695 4393 772 4440 δεῖται
786 4390 813 4439 Μ
878 4389 893 4436 2
909 4384 998 4438 τούτου
1008 4400 1043 4436 ex
1053 4389 1126 4438 τοῦτο
1139 4389 1162 4435 Α
1226 4390 1319 4450 πολλῆς
1332 4387 1491 4438 etiamnunc
1502 4384 1589 4436 oerni·

466 4471 510 4513 ιιιι·
521 4465 549 4514 in
561 4467 583 4512 Λ
597 4477 604 4513 :
620 4461 711 4519 πολλῦς
725 4460 769 4510 vel
781 4459 858 4518 ποιῦς
870 4473 887 4508 ο
949 4458 989 4508 23
1004 4467 1134 4525 προσοχῆς
1144 4458 1219 4522 prius
1229 4457 1362 4508 omissum
1373 4459 1401 4508 iu
1415 4461 1449 4516 Α,
1460 4456 1590 4508 θοίοᾱοε

466 4535 553 4597 prima
569 4545 653 4584 mauu
668 4533 696 4582 in
714 4531 836 4596 margine
846 4529 1023 4593 adscriptum,
1033 4541 1107 4578 nuno
1117 4542 1197 4592 paene
1208 4530 1322 4581 evanuit
1384 4529 1399 4578 7
1412 4528 1589 4588 smmum.

465 4611 489 4655 A
553 4605 589 4670 οἱ]
606 4605 635 4668 δὴ
656 4609 678 4654 Λ
741 4604 917 4668 θοαιρεθεὶς
935 4601 1019 4664 igitur
1038 4599 1146 4664 legebat
1171 4601 1298 4651 Hermias
1361 4601 1393 4652 10
1406 4603 1449 4652 ναὶ
1466 4603 1590 4667 ἀκρατοῦς

466 4677 567 4728 seclusi
631 4677 659 4728 12
679 4677 757 4728 όντων
774 4683 822 4725 τῶν
842 4683 923 4740 μερῶν
942 4672 969 4721 Μ
1035 4671 1066 4721 22
1084 4671 1145 4722 ίοιῑ.
1163 4682 1212 4722 τῶν
1230 4673 1313 4724 ἳππων
1331 4677 1392 4737 post
1411 4674 1523 4737 ἀμείνονι
1539 4671 1591 4721 de-

466 4749 580 4799 lendum
642 4748 672 4797 2⁴
689 4749 716 4798 δί
729 4753 789 4810 post
801 4743 962 4810 τοῦτο]θθΧ
973 4746 1038 4794 τοΑ
1101 4743 1342 4807 27ἣευιίρείτώς
1355 4743 1417 4794 libri
1481 4739 1591 4794 28³³ss-

466 4821 517 4884 τὀν]
533 4819 607 4871 αὑτὸν
619 4819 646 4868 Μ
714 4819 744 4868 θθ
762 4827 804 4880 τῆς
819 4815 881 4868 add.
897 4828 981 4880 supra
995 4827 1065 4865 vers.
1082 4815 1114 4864 Α·
