3660 5686
382 629 413 688 52
762 619 903 676 ΕΡΜΕΙΟΥ
924 619 1120 675 ΦΙλΟΣθψΟΥ

300 788 350 854 [³51
383 787 438 838 τῶν
452 781 621 861 πραγμάτων
643 779 830 860 εὑρισκόμενα,
847 781 892 838 καί
909 780 958 836 οῦκ
973 779 1000 836 ἐν
1017 779 1112 854 μόναις
1128 778 1252 854 μεθόὸοις
1266 780 1391 855 κείμενα.
1406 775 1503 836 Λαόῶν

383 880 430 936 οῦν
445 881 494 950 τὴν
513 881 615 959 ψυχὴν,
635 877 731 957 διαιρεῖ
749 878 832 948 αῦτην
849 876 912 958 δίχα
928 877 970 942 είς
989 899 1017 935 τε
1032 878 1078 934 τόν
1093 877 1177 955 λόγον
1192 879 1237 934 καὶ
1252 881 1301 950 την
1317 879 1441 956 ἀλογίαν,
1458 877 1504 934 καὶ

382 979 508 1058 έκίτερον
529 978 580 1035 ἀπό
602 985 649 1034 τοῦ
670 979 824 1057 κοινοτέραν
848 978 1055 1056 προσαγορεύει,
1081 975 1176 1046 ἐπειδὴ
1200 979 1245 1033 καί
1268 980 1329 1058 περὶ
1349 979 1504 1056 καινοτέρου

383 1076 484 1156 ἔρωτος
507 1079 520 1132 ό
542 1074 624 1154 λόγος
643 1075 698 1132 έστί
717 1083 771 1131 νῦν·
793 1076 838 1131 καί
858 1077 909 1144 τὴν
929 1075 978 1148 μὲν
999 1073 1101 1152 ἀλογον
1120 1077 1210 1154 ψυχὴν
1228 1075 1281 1132 ἀπό
1296 1084 1347 1146 τῆς
1365 1075 1505 1150 ἐπιθυμίας

336 1181 351 1230 5
384 1173 524 1248 όνομάζει,
539 1176 589 1244 την
606 1171 633 1229 δὲ
654 1171 769 1250 λογικὴν
785 1175 876 1252 ψυχὴν
889 1173 942 1229 ἀπὸ
957 1180 1007 1243 τῆς
1021 1171 1102 1243 δόξης
1116 1172 1270 1250 παρίστησι·
1288 1173 1318 1228 τὸ
1337 1174 1389 1251 γίιρ
1409 1169 1504 1238 δοξασ-

382 1272 456 1328 τικὸν
470 1272 501 1327 τὸ
515 1271 662 1338 πεζότατόν
678 1270 733 1327 ἐστι
749 1279 800 1342 τῆς
817 1268 943 1348 λογικῆς,
961 1269 988 1327 έν
1005 1268 1032 1326 ὁέ
1048 1276 1087 1344 τῷ
1102 1270 1289 1344 ἐπιθυμητικῷ
1312 1272 1339 1326 αί
1358 1269 1441 1350 ἀρχαί
1460 1270 1505 1325 καί

383 1369 464 1426 αἰτίαι
485 1377 535 1440 τῆς
558 1369 663 1450 ρόσεως
681 1367 865 1449 περιέχονται.
891 1368 939 1424 Καί
962 1371 1012 1440 τήν
1036 1369 1084 1442 μέν
1107 1367 1248 1442 ἐπιθυμίαν
1270 1365 1417 1448 ἐμρυτον
1438 1367 1507 1424 εἶναι

382 1472 453 1544 ἡμῖν
475 1467 644 1549 ἀπεφήνατο,
668 1467 760 1538 ἐπειδὴ
783 1467 860 1530 εόθὸς
881 1467 910 1522 ἐκ
928 1475 1043 1544 γενετῆς
1065 1467 1169 1524 σῦνεστι
1187 1473 1225 1541 τῷ
1247 1467 1309 1540 ζῴῳ
1328 1470 1346 1538 ί,
1367 1466 1505 1541 ἐπιθυμία,

382 1566 522 1645 προσεχὴς
538 1563 604 1621 οῦσα
619 1570 657 1639 τῷ
673 1565 790 1640 σώματι,
805 1564 851 1621 ίνα
870 1565 916 1620 καὶ
931 1563 1061 1644 τρέρηται
1076 1564 1121 1620 καί
1140 1563 1253 1636 αῦξηται
1271 1567 1301 1621 τό
1324 1565 1433 1644 βρέρος·
1456 1564 1507 1633 την

323 1672 353 1722 10
385 1661 413 1720 δέ
428 1661 518 1734 δόξαν,
535 1663 655 1720 τουτέστι
669 1664 718 1732 τήν
734 1660 850 1741 λογικὴν
862 1665 962 1742 ψυχὴν,
981 1662 1164 1733 ἐπίκτητον
1181 1663 1251 1720 εἶναι
1263 1658 1356 1742 ἔρατο,
1373 1660 1508 1718 τουτέστιν

384 1757 481 1828 ἐξωθεν
500 1759 677 1840 είσκρίνεσθαι
694 1760 805 1838 (ταύτην
817 1763 868 1840 γόιρ
880 1762 925 1816 καί
941 1758 1132 1839 Ἀριστοτέλης
1144 1758 1227 1840 έρατο
1243 1761 1312 1817 εἶναι
1326 1761 1373 1816 τόν
1386 1757 1508 1838 θύραθεν

298 1881 324 1932 p.
337 1865 369 1916 86
385 1859 472 1938 νοῦν),
485 1860 530 1916 καί
550 1859 554 1938 Ι
573 1858 614 1916 ότι
625 1860 812 1916 τελειωθεῖσιν
822 1862 891 1933 ἡμῖν
907 1857 982 1924 δόξαι
997 1859 1074 1938 ὁρθαί
1087 1860 1133 1914 καί
1146 1859 1295 1934 ἐπιστῆμαι
1305 1859 1505 1938 προσγίνονται.

385 1957 486 2032 Ἡμᾶς
506 1956 535 2014 δέ
552 1957 704 2037 κοινότερον
724 1955 801 2036 λέγει
817 1958 848 2014 τό
867 1960 936 2032 ζῷον
954 1959 999 2014 καί
1020 1957 1085 2015 ὁλον
1102 1964 1197 2014 τοῦτον
1216 1958 1263 2014 τὸν
1281 1957 1444 2036 ραινόμενον
1462 1953 1507 2012 ἀν-

384 2060 492 2134 θρωπον
509 2057 577 2130 μετὰ
592 2064 641 2126 τῆς
662 2059 743 2127 ζωῆς·
766 2056 809 2113 ἐπὶ
828 2057 859 2112 τὸ
880 2053 986 2135 ἄριστον
1009 2053 1036 2112 δέ
1057 2057 1102 2111 καί
1122 2063 1181 2112 τοῦ
1203 2055 1341 2134 ἀρίστου
1360 2055 1509 2134 ἐρίεσθαι

320 2159 351 2210 15
383 2158 458 2230 ἡμᾶς
474 2152 562 2233 λέγει,
579 2155 638 2211 ἀντὶ
657 2163 717 2212 τοῦ·
739 2163 788 2212 τοῦ
808 2155 923 2233 ἀγαθοῦ·
940 2156 1025 2212 πάντα
1039 2155 1091 2234 γάρ
1107 2161 1155 2211 τοῦ
1170 2154 1273 2232 ἀγαθοῦ
1289 2153 1405 2234 ἐρίεται,
1421 2161 1510 2211 Ταῦτα

382 2251 415 2324 δὴ
439 2251 485 2310 οὸν
508 2255 540 2309 τόι
560 2251 607 2309 ὁόο
631 2253 712 2332 μόρια
734 2262 784 2324 τῆς
809 2257 909 2334 ψυχῆς,
935 2253 950 2310 ό
971 2276 1001 2310 τε
1029 2251 1111 2332 λόγος
1135 2255 1180 2310 καί
1203 2256 1220 2324 η
1246 2253 1356 2332 ἀλογία,
1384 2247 1439 2308 ἐστι
1461 2253 1509 2326 μέν

383 2351 427 2408 ὁτε
451 2353 576 2425 ὁμονοεῖ,
600 2347 666 2407 ἐστι
689 2349 721 2407 ὁέ
743 2351 796 2408 ότε
821 2351 953 2418 στασιάζει
975 2353 1042 2432 πρὸς
1068 2349 1191 2425 ἀλληλα·
1216 2353 1329 2408 καὶτοῦ
1353 2352 1403 2425 μέν
1426 2349 1510 2428 λόγου

383 2449 516 2530 ἄρχοντος
546 2450 737 2530 σωρροσὸνη
759 2456 793 2526 τῇ
822 2454 878 2526 ζωῇ
903 2451 933 2506 τό
960 2448 1073 2525 ὁνομα·
1101 2458 1161 2522 τῆς
1184 2449 1211 2507 ὁὶ
1234 2449 1344 2528 ἀλογίας
1367 2449 1508 2530 ἀρχοόσης

382 2549 426 2604 καί
445 2549 578 2623 ἑπομένου
601 2550 646 2604 καί
667 2548 758 2626 ὥσπερ
782 2546 1039 2627 ἀνδραποδισθέντος
1064 2555 1113 2606 τοῦ
1138 2546 1235 2626 λόγου,
1261 2548 1394 2605 ἀκολασία
1419 2547 1507 2622 ταύτῃ

277 2649 418 2722 1·321·τῇ
443 2649 500 2722 ζωῇ
524 2648 555 2704 τό
577 2643 674 2720 όνομα·
701 2647 707 2725 Ι
733 2646 778 2702 ἐάν
801 2643 830 2702 δέ
851 2647 981 2722 σιασιάζῂ
1004 2649 1048 2702 καί
1075 2647 1198 2726 μάχηται
1221 2647 1289 2725 πρὸς
1311 2644 1435 2719 ἀλληλα,
1461 2651 1510 2701 τοῦ

385 2744 434 2818 μὶν
459 2743 544 2821 λόγου
573 2745 642 2818 μετόι
669 2747 718 2816 τὴν
744 2744 838 2824 μάχην
865 2746 1061 2824 κρατήσαντος,
1087 2743 1230 2823 ἐγκράτεια
1255 2743 1395 2801 καλεῖται·
1423 2743 1510 2799 παλὶν

383 2841 411 2900 δέ
435 2841 467 2898 αῦ
491 2851 541 2914 τῆς
564 2842 680 2921 ἀλογίας
707 2844 775 2918 μετόι
797 2845 847 2914 τήν
871 2843 965 2923 μα’χην
986 2843 1172 2922 κραιησάσης,
1201 2842 1338 2921 ἀκράτεια,
1369 2840 1509 2920 Τεσσάριον

383 2939 430 2996 οὖν
457 2941 561 2997 τοότων
590 2939 678 2998 οὸσῶν
707 2940 734 2997 έν
767 2944 839 3016 ἡμῖν
876 2944 964 3014 ζωῶν,
991 2949 1039 2998 τοῦ
1066 2943 1114 3015 μὲν
1146 2939 1231 3019 λόγου
1259 2947 1433 3020 κρατοῦντος,
1466 2945 1511 3012 τῷ

383 3038 498 3117 κριίτει
516 3039 606 3113 τούτῳ
626 3041 670 3095 καί
690 3039 775 3116 ταότη
797 3044 832 3115 τῇ
853 3039 925 3119 ἀρχῇ
949 3039 1165 3119 σωρροσῦνην
1185 3037 1306 3114 τοόνομα
1326 3034 1414 3114 ἔθετο,
1435 3057 1512 3116 περι-

321 3141 352 3188 θό
385 3132 478 3192 λαὸὼν
501 3137 551 3206 τὴν
574 3135 731 3214 ἐγκράτειαν
752 3141 787 3213 τῇ
810 3137 981 3216 σωρροσόνη·
1006 3138 1059 3194 ἀπό
1081 3138 1132 3216 γάρ
1157 3144 1205 3193 τοῦ
1226 3135 1376 3216 κρείττονος
1399 3136 1512 3191 καὶτοῦ

385 3235 568 3308 ὁμονοοῦντος
579 3229 654 3291 ἐ’θετο
665 3235 750 3312 ταύτῃ
763 3240 797 3310 τῇ
810 3235 884 3316 ἀρχῇ
895 3235 926 3290 τὸ
942 3234 1040 3310 ὁνομα·
1053 3236 1135 3294 πόλιν
1149 3234 1171 3292 δ’
1185 3234 1217 3292 αῦ
1232 3243 1281 3306 τῆς
1294 3233 1407 3312 ἀλογίας
1419 3255 1511 3314 τυραν-

384 3333 517 3402 νεοσάσης
540 3333 585 3388 καί
607 3332 651 3389 ἐπί
674 3331 820 3412 διαφόρους
846 3331 969 3403 ἡδοναῖς
993 3332 1157 3405 ἑλκούσης
1181 3335 1228 3390 τὸν
1250 3332 1347 3412 λόγον,
1368 3333 1454 3408 ταύτῃ
1477 3336 1511 3406 τῇ

385 3430 458 3511 ἀρχῇ
473 3432 517 3486 καί
535 3433 591 3506 ζωῇ
606 3432 695 3488 κοινὸν
709 3429 796 3506 όνομα
810 3433 861 3502 τὴν
882 3427 978 3510 ίίὸριν
997 3431 1083 3489 ἔθετο·
1102 3429 1192 3498 δείξας
1209 3431 1255 3488 οῦν
1273 3431 1356 3488 πόλιν
1371 3432 1414 3487 ὁτι
1430 3437 1512 3487 τοῦτο

386 3528 416 3584 τό
432 3526 520 3603 ὁνομα
536 3531 563 3605 [ἡ
579 3525 668 3610 ὁὸρις]
683 3529 862 3609 γενικῶτερὸν
876 3529 931 3586 ἐστι
951 3531 995 3586 καί
1011 3532 1079 3586 κατὰ
1093 3530 1231 3588 πλειόνων
1246 3537 1440 3608 κατηγορεῖται
1455 3529 1513 3585 ἐπι-

323 3629 355 3680 3⁰
385 3629 501 3701 θυμιῶν,
526 3628 613 3691 οὕτως
634 3629 693 3684 τινά
717 3627 860 3703 ἐπιθυμίαν
881 3629 926 3684 καί
948 3631 1007 3708 περί
1028 3627 1091 3686 τάὁε
1111 3627 1230 3707 ὁρίζεται
1253 3628 1321 3686 εἶναι
1344 3629 1390 3684 τόν
1413 3622 1511 3706 ἐ’ρωτα,

387 3751 400 3778 «
423 3725 500 3802 Περὶ
522 3726 580 3798 μέν
602 3726 662 3804 γάρ
682 3723 816 3796 ἐδωδὰς,
839 3728 917 3807 ρησί,
938 3729 1131 3805 κρατήσασα
1151 3735 1209 3784 τοῦ
1231 3726 1333 3804 λόγου
1350 3729 1368 3796 ὁ,
1385 3723 1514 3799 ἐπιθυμία

385 3823 430 3878 καί
445 3829 538 3879 πασῶν
551 3829 614 3880 τῶν
629 3821 742 3881 ἄλλων
755 3823 882 3905 ἀόελρῶν
897 3825 1084 3900 ἐπιθυμιῶν
1103 3826 1312 3906 περιγενομένη,
1330 3827 1388 3882 οἷον
1407 3829 1511 3894 ποτῶν,

418 4065 447 4116 11
466 4063 506 4114 De
519 4061 609 4114 anim.
622 4075 715 4128 ρεπεν.
732 4063 794 4123 11³,
809 4061 856 4112 736
870 4078 888 4113 α
902 4063 946 4124 28;
962 4065 986 4127 6,
1002 4065 1048 4114 744
1060 4062 1075 4114 b
1087 4063 1120 4114 22

419 4202 480 4253 ΤίΤ
503 4201 578 4253 7διά
596 4205 619 4252 τί
637 4203 653 4262 ἠ
674 4203 790 4264 ἐπιθυμία
813 4201 928 4265 ίμρυτος,
951 4204 967 4262 ἡ
991 4203 1018 4252 δὲ
1043 4205 1102 4259 δόξα
1122 4205 1250 4266 ἐπίκτητος
1274 4202 1296 4252 Β
1358 4201 1388 4253 11
1418 4206 1434 4266 ἡ
1454 4205 1515 4260 ὁόία

389 4278 404 4338 ἡ
420 4274 480 4338 (εἰσ)
495 4271 597 4342 θὸραθεν
611 4276 670 4330 νοῦς
684 4273 753 4339 παρὰ
772 4273 941 4339 Ἀριστοτέλει
954 4276 997 4323 καί
1012 4273 1053 4324 ὁιὸι
1069 4277 1091 4324 τί
1105 4274 1139 4324 B¹

421 4416 468 4466 ΝΟ
485 4415 497 4464 1
514 4420 600 4480 μόναις
615 4417 637 4465 Α
654 4427 688 4464 ex
704 4411 813 4463 emend.
877 4413 893 4463 8
911 4411 1067 4477 ἀπεφήναντο
1085 4413 1112 4462 Μ
1129 4413 1193 4476 (iam
1210 4419 1368 4465 correxerat
1383 4417 1449 4476 Αειγ

326 4521 332 4536 .
391 4487 684 4554 11ὁ’.1ριστοτε’ληςΜ
749 4486 779 4534 13
794 4488 881 4536 τοῦτον
898 4486 1074 4537 ΜῑτοῦτοΑ
1139 4489 1168 4535 15
1183 4491 1226 4537 τοῦ
1239 4489 1283 4538 τοῦ
1299 4485 1405 4552 ἀγαθοῦ]
1418 4481 1514 4542 τούτοις

391 4562 492 4624 ἀγαθοῖς
508 4559 535 4607 Μ
553 4557 617 4620 (jam
633 4565 789 4608 correxerat
804 4559 868 4616 Ασίί
933 4560 1010 4607 ταῦτα
1025 4557 1139 4620 scripsi:
1154 4555 1231 4619 ταότη
1247 4558 1308 4607 libri
1373 4557 1446 4606 16-17
1461 4557 1513 4607 ’ἐστι

392 4631 435 4694 μὲν
448 4629 487 4680 ὅτε
504 4629 585 4692 μὲνΑ
649 4628 679 4677 23
693 4625 797 4692 τούτων]
812 4627 889 4677 όντων
904 4627 931 4675 Μ
997 4617 1237 4691 ένὴμίνσόσώνίίθ
1304 4626 1511 4692 24τὸόνομαΜ

453 4699 483 4749 26
507 4701 534 4750 τὸ
560 4699 641 4763 ὄνομα
663 4726 695 4735 -
717 4699 748 4748 28
770 4700 837 4771 ἀρχῇ
861 4711 916 4748 om.
944 4699 965 4747 E
1028 4699 1059 4748 29
1083 4703 1099 4761 ἡ
1122 4698 1191 4766 ὁόρις
1215 4699 1315 4750 seclusi
1379 4701 1456 4748 πλείω
1480 4709 1515 4748 ex

391 4771 512 4824 πλειόνων
528 4774 551 4820 Α
615 4768 644 4820 31
667 4765 773 4834 έδωὸἀς]
795 4769 891 4834 έὸωὸίγν
913 4770 985 4820 Plat.
1049 4769 1209 4838 κρατήσασα]
1230 4773 1360 4838 κρατοῦσα
1377 4769 1450 4820 Plat.
