3660 5686
572 657 627 736 Em
647 657 710 707 TON
732 657 909 708 ΠΛΑΤΩΝΟΣ
931 655 1073 708 ΦλίΔΡΟΝ
1096 657 1220 709 ΣΧΟΛΙΑ
1415 669 1459 720 101

238 822 303 891 [113]
333 814 379 870 καί
393 813 460 870 εἰσιν
473 813 499 870 οί
513 811 562 886 μἐν
576 809 724 888 ἀνάγοντες
739 811 784 866 καί
797 809 967 889 πληροῦντες
984 811 1009 868 οί
1025 813 1084 868 θεοί
1098 813 1142 868 καί
1156 817 1238 868 πᾶσαι
1249 814 1277 869 σί
1290 819 1364 869 θεῖαι
1376 813 1461 894 ψυχαὶ

336 909 417 989 [πολὺ
430 909 460 967 δὲ
472 909 605 989 πρότερον
619 909 665 964 καί
682 907 757 964 αάτοίΙ
772 909 799 964 οί
814 908 875 964 3εοῖ
895 909 940 964 καὶ
958 915 1041 964 πᾶσαι
1057 910 1085 965 αί
1105 915 1180 966 θεῖαι
1199 911 1295 990 ψυχαί]
1316 907 1460 988 ἀγγελικαί

335 1031 365 1067 τε
384 1010 429 1066 καί
447 1006 584 1082 δαιμόνιαι
603 1007 648 1063 καί
668 1007 786 1084 ἡρωϊκαί
805 1004 943 1086 ἐριίμεναι
962 1011 1010 1063 τοῦ
1029 1006 1109 1064 θείου
1127 1007 1249 1072 κάλλους
1269 1009 1314 1064 καὶ
1330 1009 1462 1082 ἑπόμεναι

335 1113 393 1172 τοῖς
413 1107 547 1184 ἡγεμόσιν
565 1105 665 1176 αὐτῶν,
685 1105 732 1160 καὶ
752 1103 789 1167 ὥς
807 1125 873 1184 φησι
890 1104 993 1184 πρώτῳ
1012 1110 1052 1180 τῖμ
1071 1106 1186 1183 ἡγεμόνι
1205 1108 1256 1179 Διί,
1275 1109 1303 1162 αί
1319 1104 1347 1163 δὲ
1365 1106 1462 1184 ἀναγό-

289 1229 303 1276 5
337 1227 416 1281 μεναι
430 1206 469 1268 ὡς
485 1203 511 1260 ἐν
525 1203 648 1284 ἐσχάτοις
664 1204 691 1258 αί
707 1201 870 1282 ἀνθρώπειαι
884 1203 981 1282 ιῄνυχαί,
995 1200 1038 1259 διά
1052 1202 1084 1274 δὴ
1100 1209 1181 1260 τοῦτο
1195 1206 1255 1284 περὶ
1272 1205 1352 1268 3είας
1368 1208 1460 1284 ψυχῆς

335 1304 380 1359 καί
399 1301 570 1382 ἀνθρωπίνης
592 1301 743 1378 τὸνλόγον
767 1302 920 1371 ποιήσεται,
946 1297 1076 1372 δηλονότι
1097 1307 1147 1372 τῆς
1173 1301 1294 1380 λογικῆς.
1317 1300 1387 1373 Ἤδη
1409 1301 1462 1383 γάρ

337 1400 456 1458 ἐντεῦθεν
476 1403 533 1458 οἷον
551 1401 603 1479 πρὸ
624 1394 788 1465 ἀποδείξεως
809 1396 972 1455 ἐνδείκνυται
990 1397 1030 1454 ότι
1049 1399 1178 1465 ἀθάνατος
1193 1402 1306 1474 ἡμῶνῄ
1323 1403 1397 1480 ψυχὴ
1413 1401 1461 1457 ἀτε

336 1499 536 1573 συνταττομένη
552 1504 610 1562 ταῖς
623 1496 714 1559 θείαις
730 1501 830 1576 ψυχαῖς
843 1497 889 1552 καὶ
904 1493 1006 1577 ἔχουσα
1020 1498 1091 1576 πρός
1104 1497 1186 1562 αῦτάς
1201 1499 1356 1558 κοινωνίαν.
1374 1500 1461 1555 -Τὸ

337 1595 365 1654 δὲ
379 1597 465 1667 πάθη
480 1617 515 1653 τε
528 1597 583 1652 καί
597 1594 691 1674 ἔργα,
707 1592 794 1665 πάθη
807 1595 856 1669 μὶν
869 1592 900 1649 ἀν
910 1591 986 1672 λέγοι
1001 1595 1062 1674 περὶ
1076 1602 1125 1665 τῆς
1138 1596 1270 1674 ἡμετέρας
1285 1599 1389 1677 ψυχῆς·
1406 1596 1462 1674 ἐρεῖ

275 1714 305 1764 10
336 1696 462 1774 γάρπῶς
484 1694 533 1769 μὲν
552 1693 688 1772 ἀνάγεται,
711 1697 769 1757 πῦις
787 1691 816 1749 δέ
833 1699 992 1772 πτερορρυεῖ
1011 1691 1095 1750 πάλιν
1113 1695 1158 1750 καί
1176 1693 1269 1751 πίπτει
1289 1695 1328 1758 είς
1348 1696 1459 1774 γένεσιν·

336 1791 412 1872 ἔργα
427 1791 456 1850 δὲ
470 1793 513 1848 ἐπὶ
527 1798 581 1850 τῶν
594 1793 682 1850 θείων
695 1796 802 1871 ψυχῶν.
819 1825 858 1836 -
872 1791 906 1848 Τὸ
921 1788 950 1847 δέ
964 1789 1108 1862 τάληθές
1128 1799 1247 1864 νοῆσαι
1266 1792 1323 1850 ἀντίΙ
1337 1799 1395 1850 τοῦ·
1411 1797 1462 1866 την

337 1892 477 1948 ἀθανασίαν
495 1891 578 1962 αὐτῆς
597 1888 672 1947 ἰδεῖν·
691 1895 771 1946 τοῦτο
791 1890 843 1968 γάρ
862 1888 939 1945 οῦσία
957 1889 1002 1944 καί
1018 1889 1094 1969 φύσις
1109 1889 1192 1962 αὐτῆς
1209 1889 1323 1948 ἐστικαὶ
1337 1890 1459 1963 ἀλῄθεια.

336 2025 376 2034 -
392 1987 558 2068 ’ἀναγκαίως
578 1986 607 2044 δὲ
624 1988 710 2058 ἦλθεν
730 1987 769 2052 είς
789 1987 820 2043 τὸ
839 1988 889 2056 τήν
908 1986 1055 2044 ἀθανασίαν
1075 1995 1124 2058 τῆς
1140 1992 1232 2068 ψυχῆς
1251 1991 1460 2063 κατασκευάσαι,

337 2091 396 2146 οἷον
415 2089 484 2144 κατὰ
507 2085 631 2143 ἀνάλυσιν
654 2085 797 2143 ἐπὶτοῦτο
820 2083 918 2155 ἐλθὼν,
943 2085 981 2148 ὡς
1005 2085 1084 2149 αὐτὸς
1110 2087 1220 2165 ὕστερον
1246 2087 1313 2166 ἐρεῖ.
1337 2087 1412 2144 Ἔστι
1435 2087 1463 2147 δὲ

292 2207 303 2219 ·
337 2184 427 2243 τοιάδε
447 2207 487 2249 τις
507 2188 525 2256 ῄ
547 2184 686 2247 ἀνάλυσις.
705 2182 732 2239 '0
751 2180 818 2261 ἔρως
838 2189 893 2239 τῶν
915 2182 1052 2262 μεγίστων
1073 2183 1143 2240 ἐστὶν
1162 2185 1272 2263 ἀγαθῦιν
1294 2184 1390 2250 αίτιος·
1413 2185 1461 2261 μὲ-

337 2305 429 2362 γιστον
454 2281 482 2339 δὲ
508 2288 564 2340 τῶν
588 2283 695 2360 ἀγαθῶν
719 2285 736 2354 ἡ
763 2279 931 2355 εὐδαιμονία·
957 2278 1116 2356 εὐδαιμονία
1139 2281 1168 2339 δὲ
1191 2284 1353 2358 ὁμοίωσις
1382 2291 1460 2360 θεῷ·
1509 2317 1516 2334 ·

338 2381 508 2457 όμοιοόμεθα
527 2379 555 2437 δέ
573 2385 633 2453 3εῷ
653 2386 708 2436 τιῦν
728 2379 817 2436 αὐτῶν
838 2379 1034 2460 ἐφαπτόμενοι·
1056 2385 1109 2437 τῶν
1129 2379 1216 2437 αὐτῶν
1237 2378 1266 2437 δὲ
1287 2379 1462 2462 ἐγαπτόμεθα

336 2481 368 2536 τὸ
387 2481 485 2552 νοητὸν
504 2475 606 2543 κάλλος
625 2477 802 2552 Βεασάμενοι·
825 2479 932 2556 ὁρῶμεν
953 2475 981 2533 δὲ
1000 2477 1065 2534 αὐτὸ
1084 2477 1299 2553 ἀναμνησθέντες
1320 2479 1401 2536 αὑτοῦ
1420 2480 1462 2538 ἐν·

336 2581 420 2634 ταῦθα
442 2573 530 2640 ὅντες·
553 2575 788 2651 ἀναμιμνῄσκεται
805 2573 833 2632 δὲ
850 2575 945 2633 όποτε
959 2575 1142 2650 θεασάμενος·
1160 2576 1328 2652 ἐθεασάμεθα
1348 2575 1376 2635 δέ
1395 2601 1462 2636 ποτε

274 2695 306 2746 20
338 2675 361 2732 εί
376 2674 508 2738 ἀθάνατος
530 2671 573 2745 είη
589 2676 701 2748 ἡμῶνῄ
718 2675 805 2753 ψυχῄ·
828 2673 898 2730 ὥστε
918 2671 959 2730 δεῖ
978 2680 1059 2730 τοῦτο
1080 2673 1144 2730 αὐτὸ
1162 2677 1377 2754 προηγουμένως
1395 2675 1462 2733 ἀπο-

339 2768 424 2838 δεῖξαι
443 2771 485 2828 δ’τι
505 2771 635 2835 ἀθάνατος
654 2775 672 2843 ἡ
690 2773 777 2852 ψυχή·
795 2771 840 2828 ἐάν
854 2773 905 2851 γάρ
921 2773 959 2846 μὴ
975 2771 994 2847 ῄ
1009 2771 1152 2842 ἀθάνατος,
1169 2773 1290 2852 περιττοί
1304 2774 1403 2838 πάντες
1417 2775 1462 2831 καί

338 2871 449 2946 μάταιοι
464 2872 490 2928 υί
506 2863 566 2942 ἑξῆς
583 2869 671 2948 λόγοι.
693 2875 749 2926 Ποῦ
766 2869 818 2949 γάρ
834 2871 879 2925 καί
899 2869 1083 2950 ἀναχθήσεται
1097 2872 1188 2942 θνητὴ
1206 2869 1287 2946 οῦσα;
1304 2873 1334 2928 El
1348 2869 1377 2930 δέ
1392 2871 1463 2930 ἐστιν

337 2969 475 3041 ἀθάνατος,
492 2968 621 3026 ἐθεάσατό
639 2989 717 3039 ποτε,
739 2969 807 3026 ὥστε
825 2969 870 3024 καί
888 2969 1123 3044 ἀναμιμνῄσκεται
1141 2975 1188 3026 τοῦ
1208 2975 1310 3042 νοητοῦ
1329 2969 1460 3034 κάλλους·

337 3067 406 3125 ὥστε
420 3073 473 3124 τῶν
486 3067 572 3124 αὐτῶν
587 3066 732 3147 ἐγάπτεται
746 3073 804 3129 τοῖς
820 3071 908 3130 Βεοῖς·
926 3067 1069 3141 ὁμοιοῦται
1085 3065 1136 3146 ἀρα
1154 3068 1270 3133 τούτοις·
1287 3069 1355 3126 ὥστε
1376 3067 1462 3126 εὐδαι-

273 3188 304 3238 25
339 3172 416 3242 μονεῖ
434 3169 479 3222 καὶ
499 3157 636 3245 μεγίστων
654 3166 762 3243 ἀγαθῶν
781 3165 921 3246 τυγχάνει.
942 3169 1029 3222 Ταῦτα
1048 3164 1081 3234 δὴ
1103 3164 1171 3242 αιἰτῄ
1192 3167 1207 3222 ό
1227 3173 1308 3230 Βεῖος
1332 3169 1376 3223 καί
1397 3168 1462 3224 άνα-

337 3263 430 3343 γωγός
442 3261 510 3343 ἔρως
523 3268 666 3342 περιποιεῖ·
685 3260 726 3318 διὸ
741 3267 781 3335 τῷ
795 3263 865 3318 κατά
878 3259 1007 3320 ἀνάλυσιν
1022 3263 1115 3342 τρόπῳ
1128 3285 1188 3327 πως
1203 3263 1349 3344 χρώμενος
1364 3263 1459 3344 ἦλθενΙ

231 3385 322 3436 mv·
336 3363 379 3420 ἀπὶ
399 3364 430 3420 τὸ
450 3365 500 3434 τὴν
521 3363 665 3420 ἀθανασίαν
687 3371 736 3433 τῆς
758 3366 850 3442 ψυχῆς
872 3366 976 3440 πρῶτον
997 3361 1203 3435 κατασκευάσαι,
1224 3367 1304 3419 τοῦτο
1325 3360 1353 3419 δὲ
1373 3357 1462 3430 δείξας

337 3462 470 3533 συντίθησι
492 3461 579 3518 πάντα
600 3462 633 3518 τά
654 3459 761 3541 ἐφεξῆς.
785 3495 824 3504 --
849 3459 1060 3539 Συντομώτερον
1085 3458 1109 3516 δ’
1134 3459 1166 3518 ἀν
1188 3462 1276 3526 οίίτως
1301 3458 1459 3529 ἀναλῦσαις·

336 3560 474 3640 πρόκειται
487 3565 527 3634 τῷ
542 3559 623 3633 ἐνθίῳ
639 3559 738 3639 ἐραστῇ
754 3559 796 3616 ἐπὶ
811 3560 842 3614 τὸ
857 3559 956 3631 νοητὸν
970 3558 1077 3624 κάλλος
1092 3559 1138 3616 καί
1154 3557 1240 3624 ’όντως
1256 3559 1286 3616 δν
1305 3559 1463 3636 ἀναπέμψαι

231 3693 256 3743 ρ,
272 3679 318 3730 114
337 3660 384 3716 τὸν
399 3658 548 3738 ἐρώμενον·
566 3663 645 3714 τοῦτο
665 3655 687 3714 δ’
702 3655 734 3714 ἀν
753 3659 901 3731 ποιήσειεν,
921 3657 927 3736 Ι
946 3657 970 3713 εί
989 3657 1171 3731 ἀναμνῄσειεν
1191 3657 1272 3714 αὑτὸν
1291 3657 1392 3716 ἐκείνου
1410 3659 1462 3716 ἀπὸ

337 3763 390 3815 τῶν
403 3756 471 3833 τῇδε
484 3755 584 3814 καλῶν·
600 3757 802 3832 ἀναμιμνῄσκει
818 3753 846 3812 δὲ
860 3756 883 3812 εί
897 3753 1029 3836 ἀθάνατον
1045 3755 1125 3812 αὐτοῦ
1140 3749 1218 3822 δείξει
1233 3759 1282 3828 τὴν
1298 3759 1399 3837 ψυχήν·
1416 3760 1461 3814 καί

335 3856 386 3935 γάρ
404 3855 639 3930 ἀναμιμνῄσκεται
654 3853 669 3909 ό
683 3875 749 3910 ποτε
764 3853 947 3928 θεασάμενος·
964 3853 1043 3931 όγάρ
1060 3851 1197 3927 μηδέποτε
1215 3855 1384 3930 θεασάμενος
1401 3854 1462 3914 οῦδὲ

338 3953 582 4029 ἀναμιμνῄσκεται·
599 3951 669 4010 ὥστε
683 3952 844 4031 ἀναγκαίω(
848 3957 952 4032 πρῶτον
965 3953 1027 4030 περί
1043 3951 1188 4016 ἀθανασίας
1206 3955 1297 4033 ψυχῆς
1318 3956 1462 4026 ποιῄσεται

338 4049 489 4130 τὸνλόγον·
507 4051 538 4108 οῦ
551 4051 639 4122 πάσης
655 4050 696 4130 (οῦ
710 4051 762 4130 γάρ
778 4052 822 4107 καί
836 4057 884 4121 τῆς
898 4055 945 4106 τοῦ
962 4049 1133 4130 μύρμηκος),
1148 4048 1214 4107 ἀλλ’
1229 4051 1267 4114 ὡς
1289 4050 1363 4110 είπεν
1381 4051 1460 4116 αῦτός

276 4171 307 4220 35
339 4152 434 4215 Βείας
455 4173 490 4207 τε
511 4151 565 4206 καὶ
588 4151 797 4230 ἀνθρωπίνης.
1339 4131 1345 4150 Ι

370 4323 385 4372 4
408 4341 467 4387 φησι
488 4321 535 4371 246
555 4320 578 4370 E
645 4321 676 4371 14
698 4319 812 4386 ὕστερον,
833 4333 869 4371 an
897 4321 1065 4371 Themtetum
1089 4322 1225 4388 significat
1247 4323 1394 4374 Hermias?

340 4393 371 4445 16
389 4393 488 4444 Τίιεωί.
506 4392 590 4442 176ss

371 4509 418 4560 NC
434 4512 448 4560 1
465 4513 528 4560 θεῖαι
547 4522 600 4560 0111.
617 4509 646 4558 M
710 4508 805 4560 ἀπολῦ
820 4513 946 4577 -ψυχαί
961 4511 1062 4561 seclusi
1125 4513 1190 4580 ίτῷ
1206 4525 1260 4562 om.
1277 4512 1305 4562 M
1371 4513 1460 4562 11τά-

339 4579 419 4646 ληθὶς]
441 4581 530 4644 ἀληθὲς
550 4581 578 4630 M
643 4579 688 4643 τὴν
710 4592 764 4629 om.
788 4581 816 4630 M
881 4580 911 4631 14
937 4585 963 4632 δέ
983 4602 1018 4641 τις
1043 4584 1072 4633 Μ
1136 4583 1214 4634 25-26
1238 4583 1379 4648 ἀναγωγός]
1400 4585 1461 4634 ἀνα-

340 4652 436 4718 γωγεῦς
454 4651 483 4700 Μ
548 4651 691 4702 271'00m.
708 4650 737 4699 Μ
801 4651 832 4700 30
849 4653 869 4702 εί
890 4653 1055 4717 άναμνήσειεν
1070 4667 1124 4704 om.
1141 4655 1169 4704 M
1186 4669 1191 4705 :
1208 4654 1387 4718 quamobrem
1402 4657 1462 4703 ΑεΤ

340 4720 538 4798 ἀναμιμνῄσκων
559 4731 620 4786 post
639 4725 723 4772 καλῶν
744 4722 874 4782 addebam
902 4725 923 4773 εί
945 4725 1111 4788 ἀναμνῄσιιεν
1136 4725 1166 4777 ἀν
1188 4728 1220 4776 A*
1247 4725 1287 4787 (ἀν
1308 4724 1361 4775 del.
1384 4738 1410 4786 a,
1432 4732 1462 4774 ut

340 4795 458 4856 videtur)
523 4793 552 4845 31
569 4796 636 4868 δείξῃ
651 4794 678 4842 Μ
745 4795 774 4842 34
793 4797 837 4844 τοῦ
852 4806 906 4844 om.
923 4795 951 4844 M
