3538 5686
447 595 464 647 8
821 587 964 641 ΕΡΜΕΙΟΥ
984 589 1181 642 ΦΙΛΟΣΟΦΟΥ

373 747 423 815 [62]
445 739 537 805 καλιῦς
560 739 713 818 γενέσθαι
736 739 896 800 τάνδοθεν
919 745 964 801 καὶ
986 745 1020 802 τά
1041 743 1116 810 έκτὸς
1139 749 1209 809 τοῖς
1231 743 1324 810 ἀντδς
1346 743 1436 826 φίλα,
1458 747 1503 802 καὶ
1525 746 1562 802 τὸ

446 842 571 918 χρυσοῦ
591 837 719 910 πλῆθος
740 844 869 897 τοσοῦτον
882 839 945 898 δσον
960 843 975 899 ό
990 843 1071 922 σοφὸς
1090 840 1199 900 δύναται
1218 843 1342 924 φέρειν·
1368 841 1563 901 ιιπλοῦσιον

447 939 509 1018 γάρ,
533 939 610 1019 φησί,
633 938 813 1015 νομίζοιμι
834 941 889 998 τὸν
911 942 1054 1022 σοφόν.»

488 1036 634 1095 Συνελόντι
649 1037 695 1096 οῦν
709 1040 741 1095 τὸ
756 1039 850 1097 ὑλικὸν
865 1045 1025 1100 τοιοῦτον...
1042 1037 1115 1120 [περὶ
1129 1037 1242 1119 ἔρωτος,
1259 1041 1334 1121 φασί,
1348 1039 1565 1120 προηγουμένως

400 1131 414 1180 5
448 1136 604 1215 ὑφηγεῖται,
626 1137 672 1193 καὶ
692 1135 753 1194 καθ’
774 1137 804 1195 δν
826 1137 857 1195 ἀν
876 1161 915 1204 τις
930 1139 1031 1218 τρόπον
1052 1143 1132 1195 τοῦτο
1154 1139 1168 1195 θ
1187 1136 1246 1196 είτε
1269 1140 1379 1218 φυσικὸν
1403 1139 1461 1196 είτε
1479 1136 1563 1196 θεῖον

445 1232 550 1309 κίνημα
571 1241 620 1306 τῆς
640 1238 739 1314 ψυχῆς,
764 1237 794 1292 τδ
817 1235 946 1314 έρωτικδν
968 1235 1130 1315 λεγόμενον,
1154 1234 1300 1316 ἐπιστρέψῃ
1323 1237 1366 1294 ἐπὶ
1388 1237 1418 1294 τό
1439 1243 1563 1316 κρεῖττον

446 1331 490 1387 καὶ
514 1330 789 1411 παραπαιδαγωγῆση
813 1334 851 1398 είς
874 1335 1010 1414 ὠφέλειαν
1034 1335 1130 1391 ἑαυτοῦ
1151 1336 1195 1391 καὶ
1217 1339 1266 1392 τοῦ
1289 1341 1492 1404 κοινωνοῦντος,
1515 1333 1563 1390 καὶ

445 1433 505 1493 πιῖις
522 1430 577 1509 χρὴ
595 1431 703 1507 βιῶναι·
721 1429 838 1488 δείκνυσι
853 1430 884 1489 δέ
898 1433 936 1496 ὡς
950 1432 981 1488 οὐ
995 1433 1079 1496 πάθος
1097 1431 1169 1489 ἐστίν
1188 1431 1262 1490 ἀλλά
1275 1429 1343 1497 θεὸς
1357 1433 1372 1488 ό
1387 1430 1454 1512 έρως
1468 1431 1563 1510 σωτῆρ

446 1527 491 1582 καὶ
507 1526 666 1606 ἀναγωγεῦς
680 1533 735 1584 τῶν
750 1532 856 1610 ψυχῶν.
878 1531 909 1586 oi
927 1527 956 1586 δέ
971 1531 1034 1608 περὶ
1053 1529 1199 1608 ῥητορικῆς
1217 1529 1262 1586 καί
1278 1529 1476 1608 προτρεπτικόν
1492 1530 1564 1586 εἶναι

384 1622 417 1674 10
448 1622 568 1704 Φαίδρου
587 1625 625 1689 είς
644 1624 817 1706 φιλοσοφίαν,
835 1626 928 1698 ἐπειδὴ
949 1627 1020 1707 έώρα
1035 1627 1115 1684 αῦτδν
1136 1625 1294 1700 ἐπιτηδείως
1312 1627 1361 1702 μὲν
1375 1625 1474 1706 ἔχοντα
1490 1627 1562 1705 πρὸς

449 1721 623 1803 φιλοσοφίαν,
641 1722 799 1798 ἀμελοῦντα
821 1723 849 1782 δέ
870 1726 970 1798 ταύτης
994 1725 1037 1782 διά
1057 1729 1108 1796 τῆν
1129 1726 1191 1805 περὶ
1214 1726 1362 1804 ῥητορικὴν
1381 1723 1501 1796 σπουδὴν
1515 1725 1564 1780 καὶ

447 1822 478 1878 τδ
492 1822 554 1901 περὶ
570 1821 632 1886 τοῦς
647 1823 775 1888 πιθανοὺς
790 1822 948 1892 σπουδάζειν
961 1822 1071 1902 λόγους,
1088 1823 1220 1882 διδάσκων
1235 1824 1316 1881 αὐτὸν
1329 1825 1365 1888 ὡς
1377 1823 1566 1903 φιλοσοφήσας

447 1920 539 1983 ίκανδς
563 1915 638 1978 ἔσται
658 1921 761 2002 ῥῆτωρ·
786 1922 827 1980 διὸ
850 1923 896 1979 καί
917 1925 968 1994 τῆν
989 1923 1080 1996 ἀληθῆ
1104 1923 1252 2003 ῥητορικὴν
1271 1923 1323 1980 ἀπὸ
1346 1931 1394 1994 τῆς
1415 1919 1564 1997 δημώδους

448 2016 587 2099 διακρίνει·
604 2017 738 2100 ὠφελείας
752 2019 798 2078 οῦν
812 2019 892 2078 ἕνεκα
906 2026 954 2078 τοῦ
971 2019 1032 2078 νέου
1048 2021 1095 2077 καὶ
1110 2020 1267 2100 ἀντιγράφει
1285 2026 1325 2095 τῷ
1345 2019 1443 2077 Λυσίου
1458 2016 1564 2100 λόγιμ]

870 2281 950 2351 Δόξαι
969 2289 1018 2341 τοῦ
1039 2289 1140 2341 σκοποῦ

488 2482 520 2538 Οἳ
536 2481 584 2556 μέν
602 2480 662 2560 περὶ
682 2477 783 2559 ἔρωτος
800 2478 892 2552 ἐπειδὴ
914 2481 960 2538 καὶ
981 2485 999 2553 ἡ
1022 2481 1093 2563 ἀρχὴ
1114 2481 1159 2538 καὶ
1181 2482 1291 2563 ἀφορμὴ
1312 2487 1360 2538 τοῦ
1382 2480 1513 2561 διαλόγου
1534 2481 1566 2540 ἐκ

449 2579 545 2636 τοῦτον
566 2579 710 2658 γεγένηται
732 2577 775 2636 διά
796 2581 843 2636 τόν
864 2579 962 2638 Λυσίου
985 2579 1080 2658 λόγον,
1103 2581 1171 2637 κατά
1192 2577 1292 2659 ἔρωτος
1313 2580 1478 2659 γράψαντος·
1494 2582 1522 2638 οἳ
1536 2578 1566 2638 δέ

449 2677 510 2756 περὶ
526 2676 672 2756 ῥητορικῆς
688 2677 741 2734 ἀπδ
756 2685 806 2748 τῆς
822 2682 869 2734 τοῦ
884 2679 981 2735 Λυσίου
996 2676 1082 2756 λόγου
1096 2677 1255 2758 προφάσεως
1265 2678 1310 2734 καὶ
1326 2686 1374 2750 τῆς
1388 2678 1454 2757 πρὸς
1467 2682 1565 2734 τοῦτον

450 2775 616 2854 ἀντιγραφῆς
636 2775 681 2830 καί
703 2774 935 2854 ἀντιπαραθέσεως
957 2781 1005 2833 τοῦ
1028 2782 1201 2856 Σωκρατικοῦ
1216 2775 1301 2854 λόγου
1323 2777 1362 2840 είς
1385 2773 1502 2855 ἔλεγχον
1516 2780 1565 2831 τοῦ

387 2888 418 2939 20
450 2873 575 2952 ῥήτορος,
592 2873 629 2937 ὡς
645 2875 683 2948 μὴ
698 2873 919 2953 κατορθώσαντος
937 2878 969 2946 ῆν
988 2872 1175 2953 ἐπηγγέλλετο
1191 2875 1350 2954 ῥητορικήν·
1367 2871 1408 2931 διδ
1428 2873 1471 2930 έπὶ
1490 2872 1566 2931 τέλει

449 2973 495 3029 καὶ
510 2981 559 3044 τῆς
575 2970 694 3044 ἀληθοῦς
712 2973 850 3048 μέμνηται
871 2974 1017 3052 ῥητορικῆς
1030 2974 1076 3030 καὶ
1098 2974 1123 3031 τί
1142 2973 1197 3030 ἐστι
1217 2975 1248 3031 τὸ
1265 2971 1357 3038 καλῶς
1378 2973 1501 3055 γράφειν.
1519 2972 1564 3037 Ὦς

452 3070 491 3133 εἰς
508 3067 616 3147 μεγάλα
631 3068 677 3127 οῦν
694 3069 762 3150 μέρη
782 3077 885 3146 τεμεῖν,
903 3071 940 3136 είς
955 3069 1002 3129 δίο
1015 3077 1101 3128 ταῦτα
1120 3070 1207 3131 διέλοι
1226 3069 1257 3129 ἀν
1275 3093 1316 3136 τις
1339 3073 1385 3129 τδν
1404 3071 1515 3147 σκοπὸν,
1534 3070 1564 3128 ἓν

360 3199 386 3249 p,
403 3185 433 3236 53
453 3165 501 3240 μέν
512 3167 574 3246 περὶ
587 3165 696 3247 ἔρωτος,
707 3168 736 3224 ἓν
750 3166 777 3224 δὲ
789 3170 850 3247 περὶ
868 3168 1027 3250 ῥητορικῆς,
1045 3167 1178 3248 τουψτὲστι
1194 3171 1325 3248 περὶτῶν
1343 3167 1389 3226 δόο
1406 3167 1565 3243 κινημάτων

451 3273 500 3336 τῆς
514 3269 614 3345 ψυχῆς·
632 3267 662 3322 τὸ
679 3266 727 3341 μέν
747 3267 810 3345 περὶ
829 3261 928 3344 ἔρωτος
946 3268 1014 3323 κατά
1035 3269 1085 3337 τῆν
1104 3265 1179 3330 έντδς
1202 3267 1286 3339 αὐτῆς
1310 3264 1426 3323 διάθεσιν
1446 3265 1492 3323 καὶ
1514 3267 1565 3336 τὴν

388 3376 419 3426 25
450 3364 517 3442 πρὸς
538 3364 570 3420 τά
593 3365 768 3442 ὑπερκείμενα
787 3362 886 3444 ἔφεσιν,
910 3366 940 3421 τὸ
963 3363 990 3421 δέ
1011 3367 1072 3444 περὶ
1092 3365 1239 3444 ῥητορικῆς
1260 3365 1329 3422 κατά
1350 3365 1400 3434 τὴν
1421 3365 1498 3428 ἐκτὸς
1519 3363 1564 3420 καὶ

450 3462 515 3540 πρὸς
535 3458 606 3519 ἀλλο
624 3463 668 3517 καί
687 3461 729 3518 ἐπὶ
750 3460 814 3519 τάδε
836 3462 915 3540 ῥοῆν·
938 3461 1033 3520 ἀλλων
1053 3485 1081 3521 τε
1102 3464 1154 3542 γάρ
1175 3461 1254 3520 ἕνεκα
1276 3462 1413 3543 φράζομεν
1433 3463 1563 3542 καὶπρὸς

451 3557 594 3632 ἀλλήλους
616 3557 810 3638 διαλεγόμεθα.
828 3558 911 3618 Ὥστε
924 3560 986 3640 περὶ
1002 3564 1120 3640 ψυχικῆς
1136 3561 1223 3642 ἀρχῆς
1237 3558 1312 3618 είτυι
1327 3557 1358 3619 ἀοι
1377 3582 1417 3623 τις
1431 3561 1500 3616 εἶναι
1516 3560 1564 3615 τὸν

451 3658 561 3716 σκοπόν.
578 3657 688 3715 Ἔπειτα
703 3657 731 3716 δέ
747 3659 798 3716 είσί
816 3680 886 3722 τινες
900 3661 926 3715 οἱ
945 3661 989 3714 καί
1006 3658 1117 3722 πλείους
1136 3659 1262 3737 λέγοντες
1282 3659 1327 3715 καί
1343 3656 1486 3739 διαφόρους
1500 3657 1563 3718 τοῦς

451 3757 579 3821 σκοπούς·
596 3759 623 3814 οἳ
638 3757 686 3833 μὲν
703 3758 825 3837 εἰρήκασι
843 3760 903 3837 περὶ
921 3761 1022 3838 ψυχῆς,
1044 3755 1087 3814 διά
1106 3758 1138 3813 τά
1156 3759 1217 3836 περὶ
1236 3756 1379 3823 ἀθανασίας
1398 3757 1481 3828 αὐτῆς
1499 3757 1563 3812 ἀπο-

390 3867 420 3916 30
452 3854 613 3932 δεικνύμενα
628 3855 741 3914 ἐνταῦθα
753 3858 797 3914 καὶ
810 3865 861 3930 τῆς
876 3855 948 3920 ἰδέας
964 3857 1061 3930 αὐτῆς·
1079 3858 1105 3914 οἳ
1117 3854 1146 3912 δέ
1159 3857 1220 3934 περὶ
1234 3855 1364 3935 τάγαθοῦ,
1381 3853 1473 3926 ἐπειδὴ
1491 3855 1561 3912 είπε·

482 4083 524 4135 1-2
537 4084 583 4136 279
599 4081 621 4133 B
634 4098 640 4134 :
657 4082 677 4134 C
740 4082 755 4133 2
769 4079 889 4135 πλούσιον
903 4083 953 4151 γάρ
968 4082 1004 4148 (δέ
1019 4083 1115 4146 Plani-i
1130 4109 1159 4118 -
1177 4087 1253 4148 σοφόν
1267 4083 1314 4134 279
1331 4082 1352 4134 C

483 4217 529 4269 NG
545 4215 560 4268 1
574 4221 657 4275 καλῶς
670 4229 675 4265 :
689 4214 749 4265 fori.
762 4215 839 4264 καλὸν
853 4228 888 4264 er
903 4213 1017 4264 Platone
1031 4213 1180 4278 legendum
1244 4218 1310 4282 φιλα]
1330 4219 1397 4282 φιλια
1417 4216 1485 4267 Plat.
1502 4217 1562 4267 cod.

451 4290 474 4340 B
537 4291 553 4338 4
569 4290 624 4355 περὶ
638 4315 669 4322 -
683 4286 713 4336 14
727 4289 794 4352 λόγῳ
814 4285 923 4344 seclusi,
943 4285 999 4349 jam
1019 4289 1106 4337 Assio
1126 4293 1332 4351 suspectarum
1355 4288 1452 4338 eadem
1468 4288 1496 4337 in
1521 4300 1564 4338 ss-

451 4359 598 4424 quenribus
615 4359 714 4408 melius
736 4363 762 4405 et
780 4355 887 4421 plenius
906 4356 1048 4416 dicacium
1068 4365 1189 4408 ceterum
1209 4359 1237 4408 in
1256 4359 1298 4408 his
1316 4357 1450 4408 nonnulla
1469 4357 1564 4409 mutila

451 4437 532 4496 atque
548 4437 675 4493 corrupta
743 4429 770 4476 14
786 4429 842 4478 νέου
859 4428 908 4477 scd
924 4447 936 4478 ν
955 4441 988 4478 ex
1005 4429 1113 4478 emend.
1130 4430 1154 4477 Λ
1218 4427 1262 4497 τῷ]
1277 4432 1320 4480 τοῦ
1336 4430 1363 4478 Μ
1382 4429 1418 4479 σί.
1433 4429 1457 4488 9,
1473 4430 1502 4478 15

451 4503 481 4554 15
498 4503 592 4555 titulus
607 4502 680 4550 rubr.
696 4499 724 4548 in
742 4501 775 4554 Α,
790 4499 883 4547 οιιι.Μ
951 4499 1183 4556 mosomensi
1247 4499 1465 4566 ἠᾰφορμὴΜοί.
1481 4499 1518 4557 10,
1534 4501 1565 4551 30

514 4575 544 4624 17
558 4575 600 4626 διδι
613 4575 656 4625 τοῦ
668 4569 805 4622 ΛυσίουΜ
869 4568 1044 4621 21τῦοω.Μ
1108 4569 1385 4636 22οῦνείςμεγόιλαΜ
1449 4569 1563 4636 θδκατδι]

386 4703 392 4716 Ι
450 4647 493 4697 καὶ
509 4645 536 4694 Μ
555 4643 619 4706 (iam
633 4645 787 4693 correxerat
802 4643 868 4700 Ass)
931 4639 962 4690 27
981 4641 1098 4707 ψυχικῆς]
1114 4645 1196 4708 ψυχῆς
1212 4641 1240 4692 Μ
1303 4641 1335 4692 28
1352 4642 1436 4694 ’ἔπειτα
1450 4641 1562 4707 scripsi:

451 4718 504 4769 ιπεί
518 4715 579 4766 libri
643 4719 667 4766 οι
682 4711 795 4776 scripsi:
811 4715 837 4762 oi
850 4711 912 4762 iibri
974 4714 1016 4763 καὶ
1031 4725 1087 4762 om.
1106 4713 1134 4762 M
