3660 5686
387 528 434 580 124
771 517 911 572 ενιιειοε
931 517 1127 568 οιιοεοοοι

286 677 353 745 [126]
385 669 433 728 οὖν
449 672 538 730 πέντε
557 671 667 753 μετέχει
686 668 828 743 ἀλλήλων,
846 667 943 742 δῆλον·
959 670 1026 727 κατὰ
1041 668 1069 728 δέ
1083 671 1114 728 τὸ
1128 670 1289 750 ίπικρστοῦν
1303 669 1416 730 έκαστον
1433 669 1508 751 λίγε-

279 776 440 830 θδίνται.
461 768 492 826 Ἦ
513 769 563 848 γὰρ
584 769 660 827 οὐσία
682 768 752 827 ἐστὶν
774 771 789 825 6
812 769 850 833 είς
868 769 919 840 τήν
939 767 1064 826 σέστασιν
1083 768 1246 851 παρελήφθη
1267 779 1317 842 τῆς
1335 774 1426 850 Ιψυχῆς
1450 769 1455 850 Ι
1476 772 1507 828 τὸ

385 867 533 948 ἀκρότατον
547 869 593 925 καὶ
605 867 785 938 τελειότατον,
862 868 906 924 καῖ
920 865 979 924 κατ’
995 867 1058 924 αότό
1072 889 1103 945 γε
1116 875 1197 926 τοῦτο
1212 874 1271 933 τοῖς
1287 865 1384 934 ἄλλοις
1400 868 1507 926 ἐπιστα-

384 969 496 1039 τοόσης·
516 969 650 1024 κινεῖσθαι
669 966 716 1024 οὖν
736 969 754 1038 ἡ
776 969 851 1048 ψυχὴ
873 969 945 1024 κατά
961 969 1011 1038 τὴν
1033 967 1128 1024 οόσίαν
1150 967 1200 1024 οὐκ
1220 968 1404 1046 ἀναγκάζεται·
1426 969 1460 1026 τά
1479 967 1507 1026 δὶ

339 1071 355 1120 5
386 1063 469 1122 λοιπὰ
486 1064 544 1138 δόο,
563 1067 591 1122 σί
607 1063 734 1140 δυνάμεις
752 1069 799 1122 τοῦ
814 1071 910 1122 ’.αυτοῦ
924 1066 969 1121 καὶ
982 1069 1029 1122 τοῦ
1047 1065 1176 1144 θατέρου,
1191 1066 1229 1130 ῶς
1245 1064 1273 1122 έν
1285 1067 1387 1137 κινήσει
1403 1067 1447 1122 καί
1461 1087 1507 1122 πε-

385 1162 484 1242 ριόδοις
506 1163 642 1243 ὁρώμενα,
658 1161 752 1228 ῖπποις
772 1163 981 1235 ἀπεικόσθησαν·
998 1164 1024 1219 οῖ
1041 1163 1115 1220 αὐτοὶ
1134 1161 1162 1220 δέ
1182 1165 1232 1221 είσι
1251 1165 1297 1222 καί
1317 1166 1343 1220 οῖ
1363 1166 1458 1245 τροχοὶ
1475 1165 1506 1222 τὸ

383 1261 480 1320 ταυτὸν
498 1255 543 1318 κἀῖ
561 1263 591 1319 τὸ
611 1261 739 1340 κότερον·
761 1262 799 1326 ὡς
818 1261 866 1336 μὶν
884 1261 934 1340 γὰρ
954 1260 1133 1340 έκπεριιόντες
1153 1261 1184 1318 τὸ
1199 1263 1296 1334 νοητὸν
1310 1261 1402 1334 ἵπποι,
1419 1263 1457 1326 ὡς
1478 1259 1506 1318 δὲ

384 1357 629 1433 ιίποκαθιστάμενοι
647 1358 753 1439 τροχοί,
775 1360 822 1416 Καὶ
843 1361 857 1416 6
880 1359 928 1434 μἐν
951 1359 1072 1434 ἀμείνων
1095 1359 1194 1440 τροχός
1216 1359 1284 1417 ἐστιν
1306 1362 1321 1416 6
1341 1365 1388 1417 τοῦ
1408 1364 1505 1418 ταυτοῖι

383 1454 482 1520 κόκλος
497 1457 512 1514 6
525 1456 588 1536 περὶ
607 1458 639 1514 τά
654 1456 738 1530 νοητὰ
752 1457 936 1538 στρεφόμενος
950 1460 994 1515 καί
1007 1460 1058 1530 τήν
1072 1458 1215 1537 ἀναγωγδν
1233 1455 1307 1539 έχων
1325 1456 1438 1533 δόναμιν
1454 1466 1504 1530 τῆς

320 1557 353 1610 10
384 1557 489 1635 ψυχῆς,
505 1555 534 1619 ὃς
548 1557 592 1611 καῖ
604 1553 639 1612 δι’
655 1555 718 1612 αάτδ
734 1561 815 1612 τοῦτο
829 1553 959 1636 εὔτροχος
973 1557 1198 1636 προσηγόρευται·
1215 1559 1229 1614 6
1244 1556 1272 1614 δὲ
1285 1555 1377 1638 ἐ’τερος
1390 1558 1505 1637 θατέρου

385 1653 399 1707 6
417 1654 462 1708 καῖ
480 1655 665 1732 γενεσιουργὸς
686 1655 700 1709 6
718 1655 778 1732 περί
795 1656 829 1710 τά
848 1655 959 1725 αἰσθητὰ
973 1655 1018 1711 καί
1038 1649 1151 1720 δοξαστὰ
1165 1655 1362 1736 στρεφόμενος,
1381 1657 1411 1720 ὃς
1426 1655 1504 1735 ὀρθὸς

383 1750 569 1829 προσείρηται,
587 1751 651 1806 όταν
670 1751 721 1822 τὴν
740 1751 843 1810 οίκείςιν
863 1749 915 1832 ἔχη
934 1752 1033 1832 ἀρετὴν
1050 1753 1096 1808 καὶ
1112 1753 1200 1816 οὕτως
1215 1749 1288 1833 ἔχων
1302 1757 1350 1808 τοῦ
1365 1753 1446 1831 όρθοῦ
1461 1753 1505 1810 καί

384 1855 433 1918 τῆς
451 1848 559 1912 εὐθείας
575 1851 625 1921 τὴν
644 1841 754 1915 ἔνδειξιν
773 1849 836 1906 όταν
855 1848 1039 1930 ἀδιαστρόφως
1057 1849 1200 1930 ἀναγγείλῃ
1215 1851 1248 1907 τὰ
1266 1850 1389 1922 αἰσθηταί·
1407 1853 1465 1908 οῖον
1480 1850 1504 1908 εί

384 1946 501 2017 serron
514 1949 570 2018 τιὴ
588 1939 651 2013 δόξα
664 1953 719 2004 τῶν
739 1948 874 2036 αἰσθητῶν
894 1947 972 2018 ίδεῖν,
994 1941 1101 2030 ἐξάρχει
1122 1950 1170 2024 μἐν
1190 1952 1207 2021 ἡ
1223 1949 1375 2030 προαίρεσις
1392 1949 1437 2004 καῖ
1451 1945 1503 2006 διε-

321 2049 352 2101 15
383 2043 468 2123 γείρει
484 2047 529 2102 καῖ
545 2045 653 2104 ἐντείνει
669 2047 700 2102 τδ
715 2052 832 2121 πνεῦμα,
850 2049 881 2103 τό
895 2045 923 2104 δέ
941 2048 963 2104 τί
975 2047 1057 2128 τθχοι
1073 2043 1115 2103 διά
1129 2051 1185 2104 τῶν
1202 2044 1292 2122 όψεων
1309 2045 1440 2122 ἐκπέμπει
1457 2046 1502 2110 τὰς

384 2143 502 2205 ἀκτῖνας·
517 2143 544 2200 αῖ
555 2141 584 2200 δέ
595 2139 798 2223 προσόάλλουσι
812 2151 849 2222 τῷ
864 2145 994 2223 αἰσθητῷ,
1007 2145 1053 2201 καὶ
1066 2143 1149 2202 πάλιν
1167 2142 1202 2201 δι’
1218 2144 1307 2201 αὐτῶν
1323 2144 1503 2220 ἁνακόμψασα

383 2238 543 2314 ηαῖσθησις
562 2241 725 2320 ἀπαγγέλλει
744 2247 781 2320 τῷ
800 2243 933 2317 πνεόματι
951 2243 1074 2300 κάκεῖθεν
1094 2248 1127 2318 τῇ
1148 2240 1224 2320 δόξῃ·
1243 2244 1287 2300 καῖ
1303 2244 1390 2307 οὕτως
1405 2245 1423 2314 η
1439 2242 1502 2298 ἀνό-

275 2357 301 2408 p.
315 2343 362 2394 127
382 2343 485 2416 καμψις
502 2339 507 2420 Ι
526 2340 574 2398 οάκ
588 2335 657 2397 έατιν
671 2336 788 2422 ἀκριόῶς
800 2341 914 2414 κόκλος,
928 2340 986 2398 ἀλλ’
1000 2341 1091 2399 εὐθεῖα
1104 2340 1213 2399 δίαυλον
1224 2339 1364 2421 δραμοῦσα
1379 2347 1503 2416 μιμεῖται

381 2439 428 2496 τὸν
445 2438 555 2512 κόκλον,
575 2441 620 2497 καῖ
640 2437 694 2498 ἔστι
715 2441 745 2498 τὸ
767 2440 834 2499 θ’λον
854 2445 935 2498 τοῦτο
955 2441 1033 2521 ὀρθός
1054 2440 1168 2504 κόκλος.
1186 2438 1269 2498 ’Ὀταν
1287 2439 1316 2497 δέ
1335 2438 1503 2520 διαστρόφοις

319 2541 351 2591 θθ
383 2536 542 2617 ἀναγγείλῃ,
562 2540 694 2605 παντοίας
710 2538 819 2619 λέγεται
837 2538 946 2604 κλίσεις
966 2535 1051 2618 ἔχειν.
1070 2537 1148 2619 Ἔχει
1163 2535 1191 2596 δὲ
1206 2539 1283 2601 οὗτος
1296 2539 1342 2596 καῖ
1356 2540 1406 2609 την
1419 2559 1502 2594 κατα-

381 2637 470 2716 γωγδν
484 2637 530 2696 καί
541 2639 730 2720 γενεσιουργδν
749 2637 863 2714 δόναμιν
878 2646 928 2710 τῆς
944 2641 1049 2719 ψυχῆς,
1066 2637 1109 2694 ἐπὶ
1122 2634 1150 2694 δὶ
1164 2642 1219 2692 τῶν
1234 2637 1320 2694 κείων
1335 2640 1432 2717 ψυχῶν
1446 2641 1503 2692 τῶν

381 2741 570 2822 προνοητικῶν
586 2743 641 2794 τῶν
661 2736 827 2818 δευτέρων...
846 2736 924 2818 ’Έχει
940 2737 989 2812 μὲν
1006 2733 1053 2793 οὗν
1071 2737 1152 2814 ὑγιῶς
1167 2737 1200 2792 τά
1216 2735 1355 2813 εἰρημένα,
1371 2735 1415 2791 καὶ
1430 2734 1502 2791 οθτιο

382 2831 424 2892 δεῖ
444 2831 549 2892 οἴεσθαι
566 2832 652 2918 ἔχειν.
669 2837 743 2894 Ἔστι
761 2834 790 2894 δέ
808 2837 851 2892 καῖ
871 2836 944 2892 οὕτω
964 2833 1088 2912 διαιρεῖν,
1105 2835 1150 2890 καί
1166 2834 1284 2914 ἡνίοχον
1300 2833 1349 2908 μέν
1364 2830 1454 2911 λέγειν
1469 2833 1501 2889 τὸ

381 2933 473 3012 νοερὸν
497 2941 547 3005 τῆς
571 2937 676 3016 ψυχῆς,
699 2933 821 2992 τουτέστι
842 2934 888 2990 τδν
911 2937 986 3005 νοιῖν,
1009 2939 1108 2989 σαυτοῦ
1130 2929 1158 2988 δὲ
1178 2931 1280 2989 κόκλον
1300 2931 1346 2988 καῖ
1370 2929 1502 3005 ἀμείνονα

239 3025 242 3030 ⁸
318 3031 349 3082 25
379 3030 464 3088 ’ίππον
481 3029 568 3110 λέγειν
586 3035 636 3104 τήν
653 3031 827 3105 διανοητικὴν
843 3033 947 3112 ψυχὴν,
968 3032 1085 3110 θατέρου
1107 3029 1135 3087 δέ
1151 3032 1196 3086 καί
1216 3031 1328 3112 χείρονα
1347 3029 1431 3085 ’ίππον
1451 3031 1501 3101 την

380 3121 550 3201 δοξαστικην.
572 3129 670 3188 ’ίστέον
687 3129 714 3188 δέ
734 3131 775 3188 ότι
793 3132 871 3201 καὶὴ
893 3127 995 3186 διάνοια
1013 3135 1062 3185 τοῦ
1082 3129 1196 3207 θατέρου
1213 3129 1325 3208 μετέχει
1340 3129 1384 3184 καί
1402 3130 1420 3198 ἡ
1437 3119 1500 3193 δόξα

380 3233 427 3284 τοῦ
441 3234 549 3285 ταυτοιῖ·
567 3235 619 3286 πᾶν
633 3231 684 3310 γὰρ
703 3231 770 3309 δπερ
784 3227 816 3286 ἀν
831 3225 921 3304 λοίόης
938 3236 988 3300 τῆς
1004 3231 1096 3308 ψυχῆς
1112 3227 1271 3307 ἀμφοτέρων
1289 3225 1411 3306 μετέχει.
1429 3226 1501 3282 Κατὰ

381 3327 430 3401 μέν
448 3328 479 3382 τὸ
497 3325 644 3406 ἀκρότατον
663 3335 714 3398 τῆς
729 3331 820 3409 ψυχῆς
838 3325 988 3405 θεωροθντέ
1002 3347 1044 3382 σοι
1057 3324 1121 3389 τοὺς
1135 3323 1236 3389 ’ίππους
1251 3325 1295 3380 καί
1309 3323 1356 3380 τόν
1370 3323 1499 3402 ἡνίοχον,

379 3424 494 3505 ἡνίοχος
518 3426 566 3500 μέν
588 3423 661 3482 ἔσται
681 3429 699 3498 ἡ
722 3423 789 3505 ἀκρα
808 3433 859 3497 τῆς
881 3427 972 3506 ψυχῆς
989 3421 1084 3488 ’ένωσις
1104 3426 1122 3493 ἡ
1142 3423 1208 3504 πρὸς
1226 3422 1258 3480 τῖι
1278 3421 1363 3493 νοητά
1376 3421 1421 3476 καῖ
1435 3419 1499 3485 τοὺς

317 3521 348 3572 30
380 3523 473 3587 Ξιεοός·
497 3525 511 3580 θ
534 3521 563 3580 δὲ
584 3523 704 3598 ἀμείνων
727 3522 808 3588 ἵππος
829 3523 910 3602 όσπερ
931 3521 1016 3593 αὐτῆς
1038 3521 1080 3577 ἀεῖ
1100 3527 1155 3577 τῶν
1176 3525 1282 3592 νοητῶν
1303 3519 1415 3599 ἐφίεται·
1436 3520 1451 3574 6
1471 3515 1499 3574 δὲ

378 3617 585 3701 καταδεέστερος
601 3621 682 3702 όσπερ
698 3621 768 3696 μετὰ
784 3620 938 3700 διαιρέσεως
952 3621 998 3676 καὶ
1015 3615 1189 3695 μεταθέσεως
1205 3617 1351 3698 έφόπτεται
1362 3622 1417 3673 τῶν
1432 3618 1498 3688 νοή-

380 3741 457 3779 σεων.
479 3720 531 3776 Καὶ
550 3725 636 3776 ταῦτα
659 3721 707 3794 μέν
726 3719 751 3777 εί
769 3718 811 3777 έπῖ
827 3727 879 3790 τῆς
897 3717 1066 3792 διανοητικῆς
1082 3717 1169 3792 μόνης
1189 3719 1279 3797 ψυχῆς
1295 3715 1386 3794 δρῴης
1404 3713 1450 3770 τόν
1470 3735 1499 3772 τε

378 3817 494 3899 ἡνίοχον
508 3819 553 3874 καί
567 3818 628 3883 τοὺς
641 3816 753 3882 ἵππους·
770 3818 792 3874 εί
805 3815 834 3875 δέ
847 3838 878 3895 γε
891 3815 934 3872 ἐπὶ
948 3823 998 3888 τῆς
1013 3810 1184 3885 δοξαστικῆς,
1198 3813 1245 3871 τὸν
1259 3814 1307 3889 μὶν
1317 3813 1434 3894 ἡνίοχον
1448 3815 1498 3884 την

379 3914 497 3973 διάνοιαν
517 3915 674 3991 ληψόμεθα,
694 3917 740 3974 τὸν
759 3914 787 3973 δὲ
804 3915 948 3996 κρείττονα
967 3919 1021 3970 τῶν
1035 3911 1126 3970 ίππων
1144 3915 1193 3983 τὴν
1209 3909 1322 3987 δύναμιν
1337 3919 1387 3982 τῆς
1403 3905 1498 3977 δοξασ-

411 4099 988 4170 ΝΟθήγάρεοτίρείτήδθΑεῆδεήΜ
1052 4099 1152 4150 ’έστινΑ
1216 4095 1498 4165 ἠγάρ-ίάναγκά-

379 4181 444 4234 ζεται
464 4188 470 4224 :
490 4174 592 4224 desunt
613 4173 750 4236 quaedam.
775 4173 876 4235 quibus
901 4171 1027 4221 Hermias
1048 4170 1233 4234 explicaverat
1251 4169 1317 4232 quid
1340 4167 1391 4218 sibi
1414 4167 1499 4218 vellet

378 4246 472 4310 auriga
532 4244 735 4310 ίὰναγκοίζιται,
746 4245 847 4294 omisso
857 4244 903 4295 οὐκ
916 4245 953 4292 Α·
1013 4240 1244 4300 θάπιικάζονταια
1303 4241 1497 4307 ῖὶκπεριιόντες

379 4316 495 4379 scripsi:
518 4319 672 4383 έκπιριόντες
686 4313 747 4365 libri
809 4312 920 4379 θέστιν]
935 4314 949 4364 ό
964 4317 1029 4364 έστιν
1049 4313 1077 4362 Μ
1098 4315 1163 4364 ἐστίν
1182 4315 1206 4362 Α
1270 4315 1314 4364 τοῦ
1331 4323 1385 4360 om.
1404 4310 1432 4360 M

379 4385 409 4435 16
427 4387 597 4453 προόὰλλουσι
616 4386 646 4435 Μ
711 4387 741 4436 18
755 4383 847 4450 εὐθεῖα]
864 4385 960 4435 εὐθεῖαν
977 4383 1007 4432 Μ
1070 4383 1268 4434 θθκαίοωΜ
1331 4381 1497 4433 21τιῖινθηίθ

378 4467 550 4522 προνοητικῶν
568 4471 623 4506 om.
641 4457 671 4506 M
734 4454 765 4506 22
781 4459 901 4522 δευτέρων
917 4469 925 4504 ι
945 4471 957 4502 ι
973 4453 1113 4504 εωοῖιίίοιιε
1128 4454 1174 4502 hic
1186 4453 1344 4520 quidquam
1359 4451 1495 4502 οῖιίειανυ

379 4529 438 4576 Αὓτ
500 4527 576 4594 οὕτω]
590 4532 663 4580 τοῦτο
678 4527 708 4578 Μ
771 4527 802 4577 23
818 4545 861 4578 και
874 4537 939 4577 ante
953 4529 1057 4592 ἡνίοχον
1071 4539 1125 4576 om.
1142 4526 1172 4576 M
1235 4529 1265 4575 25
1282 4528 1361 4590 λέγειν
1377 4525 1453 4576 ἵππον
1467 4525 1494 4574 Μ

387 4607 394 4637 ⁹
439 4599 483 4662 τὴν
498 4611 562 4649 anto
576 4598 734 4664 διανοητικὴν
748 4611 802 4649 om.
817 4598 846 4646 M
909 4597 939 4648 27
958 4597 987 4648 ἀν
1004 4609 1059 4646 om.
1079 4597 1108 4648 M
1172 4597 1204 4648 28
1219 4599 1359 4664 ἀκροτάτην
1379 4595 1409 4645 Μ
1429 4595 1497 4660 (jam

377 4677 532 4720 correxerat
548 4671 614 4734 Αετ)
679 4689 720 4722 σοι
732 4682 789 4721 om.
803 4668 833 4719 M
