3600 5734
487 633 541 685 ΕΙΣ
562 635 622 694 Tus
646 634 822 696 numos
844 631 985 685 spMAPON
1010 633 1130 684 ΣΧΟΛΙΛ
1324 600 1367 694 Ῑθῖ

146 788 213 856 [151]
230 771 329 855 ’σὺνην
348 791 422 843 ποιεῖ
441 787 487 843 τὸν
501 788 590 866 τρίτον
609 788 679 866 βίον·
695 789 820 868 περίγάρ
834 786 865 843 τὸ
881 785 984 844 δίκαιον
999 779 1107 860 μᾶλλον
1121 785 1326 866 ἀναστρέφονται
1340 787 1368 856 μί

231 879 275 937 έν
292 886 331 960 τῷ
347 881 430 962 τρίτῳ
449 883 503 961 βίῳ
519 884 753 966 παραληφθέντες.
771 883 802 942 Ἡ
816 881 844 941 δέ
860 886 910 956 τὸν
925 875 1096 962 αὑτοϋγίειαν
1112 883 1204 940 καὶτὸ
1220 883 1368 957 αὑτόσωμα

246 981 402 1054 Ξεασσμίνη
418 987 492 1039 ποιεῖ
505 984 552 1040 τὸν
566 983 702 1062 τέταρτον.
720 983 751 1038 ‘fl
766 980 794 1040 δὲ
808 982 869 1047 τοὸς
881 981 1038 1060 ἀναγωγοὺς
1053 981 1134 1046 αεοὸς
1147 982 1193 1038 τὸν
1210 981 1369 1056 μαντικὸν

246 1077 265 1148 ἢ
284 1074 492 1140 τελεστικόν.
514 1083 545 1138 Οί
565 1079 594 1138 δέ
614 1080 705 1138 λοιποί
722 1079 849 1159 τέσσαρες
867 1082 918 1150 τὴν
938 1079 1156 1155 αὑτοομοιότητα
1175 1081 1221 1136 καὶ
1240 1079 1368 1154 ἀνομοιό-

199 1184 214 1232 5
234 1197 315 1248 1τητα
335 1182 464 1236 θεῶνται·
485 1177 551 1237 ἀλλ’
572 1182 597 1235 οῖ
619 1180 668 1255 μέν
690 1185 796 1258 πρῶτοι
812 1176 920 1253 μᾶλλον
939 1179 991 1249 τήν
1011 1178 1172 1254 ὁμοιότητα,
1189 1178 1214 1233 οί
1234 1174 1261 1234 δέ
1278 1175 1369 1234 τελευ-

244 1281 318 1330 ταῖοι
331 1277 380 1346 τὴν
392 1276 587 1352 ἀνομοιότητα.
607 1278 705 1341 Πόσσις
721 1277 749 1334 δὲ
762 1275 861 1359 σχεδὸν
876 1283 935 1340 ταῖς
950 1282 1048 1352 τομαῖς
1064 1275 1198 1356 ἐχρήσατο
1213 1277 1227 1332 ὸ
1243 1273 1367 1331 Πλάτων·

245 1373 291 1429 καὶ
308 1374 358 1453 γάρ
376 1371 477 1431 διεῖλεν
497 1377 532 1439 είς
550 1376 611 1456 τρία
629 1377 674 1432 καί
689 1377 804 1454 τέσσαρα
821 1377 866 1432 καί
885 1376 923 1444 ἓν,
944 1376 1011 1431 καθὸ
1028 1375 1090 1439 τοὸς
1107 1374 1156 1448 μέν
1171 1373 1293 1454 πρώτους
1309 1373 1370 1429 τέσ-

246 1493 327 1550 σαρας
344 1471 490 1552 τριαδικῶς
512 1475 707 1554 προηνέγκατο,
731 1474 794 1537 τοὸς
816 1472 844 1530 δέ
868 1473 981 1536 λοιποὺς
1004 1473 1132 1552 τέσσαρας
1154 1470 1305 1540 δυαδικῶς,
1323 1470 1369 1526 καί

246 1570 291 1627 τὸν
310 1569 465 1628 τελευταῖον
482 1578 614 1654 μοναχῶς
630 1571 726 1630 διεῖλε·
747 1573 791 1628 καί
810 1573 848 1636 εἷς
866 1572 945 1628 πέντε
960 1574 1004 1629 καί
1019 1571 1144 1651 τέσσαρα,
1160 1571 1227 1627 καθὸ
1243 1570 1306 1634 τοὸς
1323 1569 1371 1644 μέν

186 1670 216 1721 10
246 1667 368 1746 πρώτους
379 1671 458 1727 πέντε
472 1675 506 1746 τῇ
520 1670 589 1746 αὑτῇ
603 1670 703 1727 πτώσει
714 1671 897 1749 προηνέγκατο
914 1670 997 1726 εἰπιόν
1014 1695 1027 1724 ιι
1044 1692 1064 1725 π
1070 1669 1188 1748 ριότην,
1204 1667 1369 1747 δευτέραν,

248 1766 376 1846 τρίτην,
405 1769 578 1848 τετάρτην,
607 1767 772 1843 πέμπτην,
797 1792 809 1822 ιι
838 1767 865 1824 έν
894 1766 922 1825 δέ
949 1775 1007 1832 τοῖς
1035 1762 1132 1848 ἑφεξῆς
1160 1751 1292 1838 ἐνήλλαξε
1320 1767 1371 1835 τὴν

247 1871 361 1936 πτῶσιν,
378 1867 446 1924 κατά
462 1865 570 1938 δοτικὴν
589 1866 671 1924 είπών
693 1891 707 1922 ιι
723 1863 801 1944 έκτη
819 1889 834 1922 ιι
854 1865 900 1922 καὶ
921 1891 935 1920 ιι
953 1861 1081 1940 ἒὺδόμη
1101 1889 1115 1918 ιι
1136 1866 1182 1921 καί
1198 1859 1303 1946 έρεξῆς·
1324 1863 1370 1918 καίΙ
1405 1904 1409 1913 .

248 1967 287 2031 είς
306 1964 378 2022 ὀκτὼ
396 1967 442 2022 καὶ
458 1967 498 2036 ἓν,
518 1966 586 2022 καθὸ
604 1966 666 2030 τοὺς
687 1966 735 2040 μὸν
751 1962 850 2028 ἄλλους
867 1965 968 2030 πάντας
985 1963 1027 2022 διά
1041 1961 1176 2021 πλειόνων
1191 1959 1308 2034 ἐξέθετο,
1325 1963 1371 2019 τὸν

149 2063 276 2130 121523}
297 2065 456 2122 τελευταῖον
477 2063 482 2142 Ι
504 2063 538 2120 δι’
561 2063 631 2128 ἑνός.
657 2061 717 2120 Ἐάν
741 2061 769 2120 δέ
789 2063 835 2120 καί
856 2070 926 2143 τρεῖς
943 2061 1052 2142 τριάδας
1073 2065 1232 2136 ποιήσωμεν
1250 2057 1301 2132 ’την
1322 2063 1372 2135 μέν

186 2163 216 2216 15
248 2163 360 2243 πρώτην
376 2161 444 2220 δίιον
458 2164 621 2243 εὑρήσομεν·
642 2161 826 2243 ριλόσοιρος
846 2162 897 2240 γάρ
916 2161 961 2216 καὶ
981 2159 1139 2237 βασιλεὺς
1157 2161 1172 2216 ὁ
1190 2159 1254 2224 Ζεὸς
1273 2160 1318 2216 καί
1338 2157 1370 2230 δὴ

247 2263 292 2318 καί
311 2261 417 2342 άριστος
437 2262 615 2326 πολιτικὸς
632 2269 680 2318 τοῦ
700 2261 815 2335 κόσμου·
836 2261 970 2339 εὑρεθεῖεν
990 2256 1014 2315 δ’
1029 2257 1060 2315 διν
1072 2243 1123 2316 ’καὶ
1143 2255 1225 2314 ἄλλοι
1243 2258 1305 2315 θεοί
1320 2258 1372 2315 ὑπὸ

248 2361 347 2431 ταὺτην
364 2360 506 2424 τελοῦντες
521 2362 571 2431 τήν
590 2357 694 2438 τριάδα,
712 2361 770 2416 οἷον
789 2360 834 2414 καί
848 2356 947 2429 ’Δθηνῖι
962 2354 1005 2414 διὸι
1019 2357 1049 2412 τὸ
1064 2354 1213 2437 ριλόσορον
1228 2356 1272 2412 καί
1285 2354 1372 2411 πολε·

251 2460 330 2534 μικὸν
343 2460 389 2514 καί
402 2457 486 2538 Ἄρης
500 2458 546 2514 καί
561 2455 633 2536 Ἥρα
648 2454 733 2513 διὰτὸ
751 2453 899 2534 βασιλικόν.
916 2457 970 2527 Τὴν
986 2453 1013 2512 δὲ
1028 2452 1152 2534 δευτέραν
1169 2451 1267 2533 τριάδα
1286 2451 1372 2509 άπολ-

250 2557 389 2628 λωνιακήν
404 2557 435 2613 ἃν
454 2554 580 2631 είποιμεν
599 2558 644 2613 καὶ
662 2562 821 2630 μαντικῆς
840 2555 886 2610 καί
904 2562 1092 2625 ποιητικῆς·
1116 2552 1287 2631 μουσηγέτης
1306 2556 1371 2630 γοῦν
1417 2621 1419 2628 ,

186 2667 218 2717 θθ
249 2653 367 2736 λέγεται,
392 2654 472 2711 πάλιν
496 2657 541 2711 καὶ
565 2653 664 2734 Ἑρμοῦ
687 2651 836 2727 δυναμένου
861 2652 973 2709 ἐνταῦθα
997 2652 1144 2730 ὑπάγεσθαι
1173 2649 1216 2708 διά
1238 2651 1269 2707 τὸ
1296 2650 1373 2730 άγω-

250 2753 377 2813 νιστικόν.
399 2755 454 2825 Τὴν
477 2752 505 2810 δέ
527 2754 620 2834 τρίτην
639 2750 733 2833 τριάδα
757 2752 951 2832 Ἡραιστιακήν
976 2749 1007 2809 διν
1032 2747 1172 2825 ε’ίποιμεν·
1199 2751 1212 2806 ὑ
1236 2750 1287 2828 γάρ
1309 2749 1373 2829 περὶ

250 2854 280 2910 τὸ
304 2853 464 2933 φαινόμενον
492 2853 536 2909 καί
565 2853 614 2924 τήν
643 2850 822 2930 δημιουργίαν
851 2849 1084 2930 ἀναστρεφόμενος
1108 2850 1124 2905 ό
1148 2846 1282 2920 δεσπότης
1305 2846 1375 2904 ἐστὶν

252 2948 412 3031 Ἥραιστος,
426 2952 473 3013 τάς
489 2950 653 3029 έγκοσμίους
667 2947 746 3028 ’έδρας
757 2953 814 3012 τοῖς
828 2955 910 3012 θεοῖς
921 2949 1149 3028 προευτρεπίζων,
1162 2951 1252 3002 Ταῦτα
1268 2946 1315 3020 μὲν
1328 2942 1374 3002 οὑν

251 3051 338 3114 οὑτως
358 3051 440 3124 ἡμεῖς
462 3042 651 3124 διεταξάμεθα·
674 3049 697 3105 εί
716 3046 744 3105 δέ
762 3069 834 3113 τινες
849 3047 867 3117 θ
883 3048 929 3104 τὸν
943 3047 1057 3126 ἡνίοχον
1071 3046 1116 3102 καί
1131 3045 1193 3109 τοὸς
1211 3042 1257 3101 δύο
1275 3043 1374 3107 ’ίππους

187 3156 218 3207 25
251 3156 321 3229 τρεῖς
338 3147 416 3213 ὄντας
434 3148 673 3228 τριπλασιάζωσιν,
689 3148 707 3218 ἢ
723 3147 768 3204 καί
784 3147 830 3212 τάς
845 3153 917 3224 τρεῖς
936 3144 1065 3218 ὁλότητος
1083 3144 1307 3225 τριπλασιάζωσι,
1324 3144 1374 3214 τὴν

252 3249 302 3328 πρὸ
317 3253 371 3304 τῶν
387 3253 487 3327 μερῶν,
504 3249 554 3318 τήν
570 3245 597 3302 έν
610 3251 650 3320 τῶ
666 3243 752 3324 μέρει,
770 3246 820 3315 τὴν
833 3243 905 3317 <έκ
918 3249 972 3300 τῶν
991 3248 1123 3322 μερῶν)
1137 3243 1181 3299 καὶ
1195 3242 1282 3305 οὑτως
1298 3238 1374 3297 οίον-

251 3369 295 3404 ται
313 3354 400 3404 ποιεῖν
421 3345 495 3404 ἐννέα
514 3346 576 3411 τοὸς
594 3346 680 3422 βίους,
698 3343 759 3425 οὑχ-
770 3345 825 3425 ὁρῶ
840 3348 903 3408 πῶς
916 3342 947 3400 δν
960 3344 1063 3408 ἑαυτοῖς
1078 3343 1095 3414 θ
1110 3346 1147 3421 τῷ
1163 3339 1289 3400 Πλάτωνι
1304 3362 1374 3416 συμ·

253 3447 417 3528 ρωνησαιεν.

295 3616 350 3692 με’.
375 3614 427 3680 Ὃς
446 3613 469 3672 δ’
491 3614 526 3672 άν
548 3613 669 3677 ἀδίκως
690 3609 855 3694 χείρονος]
878 3611 936 3671 248
958 3609 995 3671 E.

191 3789 222 3838 30
293 3779 381 3838 Είπῶν
399 3779 532 3858 περὶτῶν
552 3778 622 3855 βίων
640 3777 685 3835 καίΙ
702 3782 757 3834 τῶν
773 3781 860 3856 γερῶν
876 3780 931 3833 τῶν
950 3774 1001 3856 πρὸ
1019 3776 1152 3854 γενέσεως
1167 3780 1222 3832 τῶν
1237 3775 1373 3851 άπονεμο-

256 3881 344 3954 μένων
357 3884 416 3942 ταῖς
439 3881 541 3957 ψυχαῖς
561 3881 621 3938 ταῖς
640 3873 670 3932 έκ
690 3881 736 3930 τοῦ
759 3879 856 3946 νοητοῦ
878 3874 1031 3938 κατιούσαις
1050 3873 1089 3938 εἷς
1112 3871 1228 3952 γένεσιν,
1246 3873 1376 3950 βούλεται

255 3976 350 4034 λοιπὸν
364 3977 409 4033 καί
420 3976 480 4054 περὶ
492 3973 573 4044 αὑτῆς
584 3981 635 4045 τῆς
649 3971 676 4028 έν
689 3977 723 4049 τῇ
737 3972 840 4050 γενέσει
851 3967 1021 4050 διεξαγωγῆς
1034 3978 1085 4043 τῆς
1098 3974 1187 4052 ψυχῆς
1201 3969 1375 4051 διαλεχθῆναι

286 4212 332 4264 Nc
349 4209 364 4260 2
379 4208 526 4272 αὑτοὺγείιιν
543 4205 570 4255 Μ
636 4205 774 4268 αὑτοσῶμα
789 4208 812 4255 Α
877 4205 1024 4268 δμαντικὸν
1041 4205 1068 4253 Μ
1084 4218 1091 4254 :
1106 4203 1191 4269 μάντιν
1207 4208 1230 4254 Α
1294 4202 1376 4269 θεὸν]

254 4288 278 4336 ἓν
293 4285 320 4334 Μ
386 4281 416 4330 10
433 4278 532 4346 πρώτην
547 4275 608 4327 add.
623 4289 644 4326 s.
658 4291 684 4325 v.
700 4278 741 4334 Αί,
753 4277 831 4328 deest
845 4288 888 4340 ap.
902 4275 969 4327 Plat.
984 4274 1036 4339 (τὴν
1051 4275 1094 4340 μέν
1107 4279 1169 4336 κτλ.)
1235 4277 1264 4328 12
1281 4285 1375 4327 πτῶσιν

254 4369 288 4406 ex
303 4363 400 4422 πρῶσιν
415 4355 439 4401 Α
504 4347 576 4400 14-15
589 4347 633 4410 τὴν
652 4349 694 4412 μὲν
708 4347 819 4414 πρώτην]
833 4349 875 4398 τὸν
888 4346 930 4412 μέν
943 4348 1081 4412 πρῶτονΜ
1147 4347 1219 4398 17-18
1236 4347 1374 4416 ἈθηνᾷΜ
1440 4387 1443 4396 ,

254 4428 338 4494 Ἄρει,
354 4426 425 4494 Ἥρᾳ
443 4421 527 4471 libri:
546 4420 614 4476 οπο,
631 4432 686 4468 non
701 4419 772 4469 illud
790 4432 896 4470 cortex.
914 4422 972 4468 Αοτ
1035 4417 1065 4469 19
1082 4416 1156 4481 <τὴν
1175 4420 1317 4484 1στριαῆτ>
1333 4420 1376 4468 καὶ

245 4503 373 4564 μαντικῆς
386 4495 420 4556 ιθ]
483 4491 806 4554 21131τιγινιαοειιονιιιι
859 4491 889 4539 25
903 4489 1099 4556 τριπλασιάῑωοι
1113 4490 1260 4552 posteriore
1273 4489 1374 4538 loeo-

255 4571 286 4620 26
302 4571 345 4619 καὶ
366 4579 420 4617 om.
441 4563 483 4626 Μ;
507 4563 546 4612 bis
562 4559 721 4625 legendum.
736 4561 842 4626 opinor,
864 4561 1070 4627 τριπλασιάζονσι
1134 4561 1165 4610 26
1181 4564 1274 4613 ἐκτῶν
1293 4569 1374 4627 μερῶν

255 4638 381 4704 supplevi
399 4649 435 4687 ex
453 4636 551 4695 90‚10;
574 4632 695 4696 spatium·
711 4633 773 4682 9-10
790 4633 840 4684 Ιῖιι.
857 4645 977 4681 vacuum
994 4633 1022 4682 iu
1037 4635 1076 4693 A;
1097 4631 1174 4682 nulla
1190 4631 1291 4681 lacuna
1309 4631 1338 4680 in
1355 4631 1376 4680 E

317 4710 350 4760 27
364 4707 414 4774 οὐχ
426 4705 488 4774 ὁρῶ]
503 4705 535 4756 οὐ
552 4711 628 4770 χωρῶ
644 4703 669 4750 Μ
687 4703 753 4764 [jam
767 4711 925 4754 correxerat
939 4705 1007 4764 As'r)
1073 4703 1103 4751 29
1119 4701 1156 4762 ὃς,
1171 4701 1184 4753 ὅ
1201 4701 1273 4752 rubr.
1285 4703 1315 4752 ·Α

257 4779 380 4852 χείρονος]
396 4782 436 4848 χεῖ
453 4779 511 4838 (sie)
527 4779 549 4824 Α
568 4773 652 4834 (unde
671 4775 723 4840 ἔχει
740 4774 779 4834 E')
845 4775 875 4823 30
893 4771 982 4840 γερῶν]
998 4781 1075 4837 γενῶν
1092 4773 1118 4822 Μ
1205 4771 1207 4779 ’
