3660 5686
395 582 440 633 102
776 567 917 619 ΕΡΜΕΙΟΥ
937 568 1135 618 ΦΙΛΟΣΟΦΟΥ

299 723 365 790 {1141
440 718 472 787 ζ’.
502 717 598 798 Ἀρχὴ
622 715 655 774 δέ
678 711 885 785 ἀποδείξεως
908 717 979 794 ἥδε]
1005 717 1063 777 245
1086 717 1122 778 C.

437 862 472 918 Οὖ
490 871 539 934 τῆς
557 862 646 935 πάσης
664 861 758 927 ἁπλῶς
774 860 938 929 ἀποδείξεως
956 871 1007 934 τῆς
1026 861 1195 937 παλινῳδίας
1216 864 1288 945 άρχή
1308 863 1358 936 ἣδε
1378 863 1518 944 (ἀνωτέρω

397 963 448 1041 γὰρ
464 963 523 1040 περὶ
539 961 623 1032 αὐτῆς
641 962 700 1018 εἶπε
716 968 766 1032 τῆς
785 961 874 1042 ἀρχῆς
890 968 941 1032 τῆς
954 959 1124 1035 παλινῳδίας
1141 961 1182 1018 ότι
1204 960 1328 1028 δεινοῖς
1350 964 1407 1038 μέν
1430 961 1519 1020 άπισ-

398 1081 470 1132 τος,
494 1064 610 1139 σοροῖς
632 1057 665 1115 δέ
686 1059 818 1136 πιστή),
842 1056 915 1116 ἀλλὰ
935 1058 1007 1140 ἀρχὴ
1028 1067 1077 1131 τῆς
1094 1061 1156 1139 περί
1176 1060 1319 1124 ἀθανασίας
1339 1065 1431 1141 ψυχῆς
1452 1061 1518 1118 άπα-

351 1163 365 1212 5
399 1155 507 1225 δείξεως
523 1155 583 1228 ἥδε.
600 1157 637 1213 Οό
652 1158 682 1213 τό
698 1158 877 1238 συμπέρασμα
892 1156 939 1214 οὗν
957 1156 1031 1237 λέγει
1049 1159 1138 1238 όρχὴν
1158 1154 1334 1224 ἀποδείξεως·
1350 1165 1455 1238 πρῶτον
1471 1161 1519 1233 μέν

397 1258 449 1336 γάρ
463 1258 508 1313 καὶ
522 1258 552 1312 τό
567 1255 646 1322 τέλος
663 1256 717 1314 ἐστί
732 1279 792 1322 πως
810 1258 881 1338 άρχή
897 1263 950 1314 τῶν
968 1258 1036 1337 πρὸς
1054 1259 1085 1314 τό
1105 1256 1196 1321 τέλος·
1215 1255 1279 1315 ἀλλ’
1294 1256 1457 1315 ἐνδείκνυται
1480 1259 1520 1314 ότι

398 1355 424 1414 ίν
447 1355 514 1430 αὐτῇ
534 1360 569 1431 τῇ
587 1354 666 1427 οὐσίᾳ
682 1363 732 1426 της
750 1359 840 1436 ψυχῆς
857 1355 962 1426 ἐστινὴ
983 1355 1114 1414 ἀθανασία
1121 1379 1129 1428 ;
1149 1357 1194 1412 καί
1209 1357 1458 1435 συνεσπειραμένως
1477 1358 1521 1414 καί

398 1455 547 1530 ἡνωμένως
565 1455 721 1535 περιέχεται
741 1453 767 1511 ἐν
785 1459 823 1532 τῷ
843 1455 1049 1534 συμπεράσματι
1067 1459 1084 1527 ἡ
1105 1463 1177 1514 πάσα
1195 1451 1345 1521 ἀπόδειξις.

438 1607 478 1682 η’.
504 1609 602 1689 Ψυχὴ
626 1615 710 1664 πᾶσα
735 1607 910 1690 ἀθάνατος]
935 1609 993 1667 245
1017 1607 1053 1667 C.

335 1760 367 1812 1⁰
435 1753 543 1828 Πρῶτον
561 1748 621 1826 περὶ
639 1745 720 1811 ποίας
741 1750 831 1828 ψυχῆς
849 1749 863 1802 ὁ
884 1745 968 1824 λόγος
990 1749 1130 1819 ζητητέον.
1151 1749 1182 1804 01
1203 1748 1251 1822 μέν
1265 1749 1316 1826 γάρ
1334 1749 1523 1826 περὶτῆςτοῦ

398 1845 502 1920 κόσμου
521 1845 606 1920 μόνης
624 1844 753 1920 ᾠήθησαν
771 1846 839 1902 εἶναι
859 1845 904 1902 τὸν
925 1841 1010 1924 λόγόν
1030 1844 1073 1903 διά
1087 1847 1118 1902 τὸ
1138 1847 1270 1926 εἰρηκέναι
1285 1846 1365 1903 αὐτὸν
1379 1853 1465 1902 πάσα
1480 1846 1525 1903 καί

401 1943 460 2020 μετ’
475 1941 559 2021 ὀλίγα
575 1943 684 2022 έπάγειν
706 1967 720 1999 ιι
739 1944 757 2016 ἢ
777 1943 882 2001 πάντα
900 1967 933 2002 τε
955 1945 1094 2024 οόρανόν
1116 1945 1222 2002 πᾶσάν
1241 1967 1275 2002 τε
1297 1943 1426 2024 γένεσιν
1450 1941 1524 2019 ξυμ-

400 2049 563 2100 πεσοῡσαν
583 2051 711 2114 στῆναι·
730 2068 744 2100 υ
765 2045 804 2121 ὢγ
824 2042 879 2100 έστι
899 2043 1076 2109 Ποσειδώνιος
1092 2047 1107 2101 ό
1123 2044 1254 2109 Στωϊκός.
1272 2046 1304 2100 Οἳ
1318 2042 1347 2100 δέ
1359 2044 1421 2123 περὶ
1434 2044 1524 2116 πάσης

402 2140 495 2208 άπλῶς
514 2143 558 2198 καί
577 2150 627 2216 τῆς
645 2148 692 2200 τοῦ
714 2143 858 2222 μύρμηκος
878 2144 923 2199 καί
943 2143 1035 2218 μυίας,
1057 2146 1096 2200 ὧν
1116 2143 1411 2223 ίστινἋρπυκρατίων·
1428 2142 1525 2222 τὸγὰρ

341 2254 370 2328 15
402 2248 487 2298 πᾶσα
511 2239 553 2297 έπί
573 2241 662 2313 πάσης
685 2245 777 2321 ψυχῆς
797 2241 901 2300 άκοόει.
924 2243 953 2297 E!
974 2240 1002 2298 δέ
1022 2239 1063 2298 δεῖ
1086 2244 1156 2316 μήτε
1180 2242 1274 2308 άπλῶς
1294 2243 1476 2300 ἀποστενῶσαι
1495 2242 1525 2298 τὸ

401 2333 552 2420 πρόόλημα
572 2338 638 2415 μήτ’
654 2339 696 2396 έπὶ
714 2340 802 2397 πάντα
821 2338 946 2398 ἐκτείνειν
966 2340 1059 2406 ἁπλῶς
1080 2343 1113 2398 τά
1136 2343 1200 2420 ζῷα,
1221 2340 1267 2397 ἀπ’
1284 2340 1366 2397 αὐτοῦ
1385 2345 1434 2397 τοῦ
1453 2337 1525 2396 Πλά-

399 2437 489 2504 Ιτωνος
514 2437 661 2515 ληψόμεθα
684 2439 744 2518 περὶ
766 2438 847 2503 ποίας
873 2443 964 2519 ψυχῆς
988 2442 1042 2497 νυνί
1065 2440 1231 2519 διαλέγεται·
1254 2445 1366 2519 προεῖπε
1389 2437 1421 2510 δὴ
1445 2439 1525 2503 αὐτὸς

404 2536 473 2594 δεῖν
495 2544 624 2616 πρῶτον
645 2541 755 2617 ψυχῆς
780 2538 908 2618 ρόσεως
935 2540 1008 2618 πέρι
1031 2537 1209 2619 διαλεχθῆναι
1230 2540 1327 2603 θείας
1350 2538 1455 2595 τεκαὶ
1477 2537 1525 2594 άν-

404 2637 587 2716 θρωπίνης,
604 2636 724 2701 τουτέστι
740 2637 803 2714 περὶ
821 2637 911 2708 πάσης
931 2634 1047 2714 λογικῆς
1067 2641 1170 2718 ψυχῆς·
1187 2637 1254 2694 ὥστε
1270 2638 1394 2715 περὶτῆς
1411 2633 1525 2714 λογικῆς

341 2743 372 2795 20
404 2739 496 2817 ψυχῆς
519 2735 589 2791 ἔστιν
609 2737 623 2791 ό
643 2735 737 2814 παρὼν
757 2733 850 2814 λόγος.
875 2738 924 2792 Καὶ
943 2737 993 2815 γάρ
1016 2735 1109 2800 άλλως
1129 2736 1227 2816 κυρίως
1246 2738 1338 2816 ψυχὴν
1358 2735 1481 2792 εἰώθασιν
1500 2735 1526 2791 οί

405 2832 516 2892 παλαιοὶ
534 2833 630 2891 καλεῖν
652 2837 702 2904 την
723 2833 849 2913 λογικήν·
872 2835 903 2891 τό
924 2856 953 2892 τε
974 2835 1025 2914 γάρ
1046 2836 1109 2914 ὑπὲρ
1127 2835 1209 2906 αὐτὴν
1227 2840 1288 2891 νοῦν
1309 2832 1434 2906 καλοῦσι,
1451 2833 1526 2891 τότε

405 2931 612 3011 καταδεέστερον
631 2931 716 3002 αὐτῆς
736 2931 789 3011 οόχ
810 2930 902 2996 άπλῶς
921 2934 1024 3012 ψυχὴν,
1045 2929 1110 2990 ἀλλ’
1129 2931 1231 3010 άλογον
1250 2933 1341 3011 ψυχὴν
1360 2933 1405 2988 καί
1426 2930 1527 3002 Ξνητόν

407 3031 479 3097 είδος
499 3035 591 3112 ψυχῆς
611 3033 656 3087 καί
675 3029 797 3111 δεότερον
818 3029 898 3112 ἴχνος
922 3035 995 3103 ζωῆς
1015 3033 1059 3088 καί
1080 3029 1182 3110 άλογον
1199 3033 1282 3104 ζωὴν,
1300 3032 1317 3102 ἢ
1333 3033 1377 3088 καίΙ
1392 3029 1527 3110 έμψυχίαν

406 3137 453 3188 τοῦ
472 3131 625 3206 πνεύματος
643 3131 688 3186 καί
706 3115 768 3209 περὶ
785 3137 843 3194 τοῖς
864 3131 970 3205 σώμασι
990 3133 1063 3202 ζωὴν
1082 3132 1125 3186 καί
1146 3131 1179 3187 τά
1200 3135 1321 3186 τοιαῦτα·
1345 3129 1416 3195 ίδίως
1436 3127 1527 3186 δὲκαὶ

361 3235 372 3246 ’
406 3232 503 3309 κυρίως
526 3231 618 3310 ψυχὴν
637 3230 688 3299 τήν
710 3229 834 3307 λογικήν.
858 3230 907 3286 Καὶ
924 3230 976 3308 γάρ
994 3229 1040 3286 τόν
1061 3228 1161 3308 κυρίως
1184 3227 1324 3307 ἄνθρωπον
1342 3229 1393 3298 την
1414 3227 1529 3305 λογικὴν

407 3329 499 3408 ψυχὴν
512 3325 657 3386 ἀποκαλεῖ.
672 3324 817 3384 Συνελόντι
831 3325 878 3382 οόν
891 3327 980 3406 φάναι,
993 3328 1053 3406 περί
1066 3327 1156 3398 πάσης
1173 3325 1285 3404 λογικῆς
1300 3330 1393 3407 ψυχῆς
1409 3327 1423 3383 ὁ
1435 3324 1525 3404 λόγος.

409 3425 623 3505 Προανεριόνησε
644 3423 673 3481 δέ
691 3426 721 3480 τὸ
741 3423 931 3504 συμπέρασμα,
949 3424 1040 3496 ἐπειδὴ
1058 3424 1158 3500 μέλλει
1178 3423 1274 3482 ἐκτῶν
1290 3423 1349 3481 καθ’
1365 3425 1528 3502 αὑτάὺπαρ-

408 3523 513 3604 χόντων
526 3527 560 3598 τῇ
571 3527 646 3604 ψυχῇ
661 3524 706 3580 καί
716 3524 734 3597 ᾖ
746 3523 809 3579 αὐτὸ
819 3525 955 3580 ποιεῖσθαι
967 3525 1012 3589 τάς
1022 3521 1179 3590 ἀποδείξεις·
1193 3520 1235 3580 διά
1247 3529 1327 3580 τοῦτο
1338 3521 1384 3579 οὖν
1395 3523 1529 3602 προέθηκε

409 3623 439 3677 τό
459 3623 650 3701 συμπέρασμα,
669 3619 871 3696 ἐνδεικνύμενος
887 3621 929 3678 ότι
949 3621 976 3678 ἐν
992 3622 1063 3700 αὐτῷ
1077 3627 1115 3699 τῷ
1131 3621 1173 3678 ότι
1189 3620 1439 3700 συνεσπειραμένως
1454 3641 1530 3700 περι-

442 3841 471 3892 12
493 3843 544 3906 μετ’
564 3844 636 3908 ὀλίγα
657 3841 703 3892 245
723 3841 745 3891 Ε
809 3841 838 3890 13
858 3839 1028 3897 Ποσειδώνιος
1046 3853 1072 3903 p.
1091 3838 1136 3889 211
1161 3837 1237 3889 Bake
1256 3839 1452 3904 (imgmentum
1475 3851 1529 3888 non

410 3912 521 3970 aliunde
538 3913 689 3978 cognitum.
706 3913 766 3964 sive
781 3925 815 3962 ex
829 3910 901 3962 libro
917 3913 973 3978 περὶ
992 3916 1084 3978 ψυχῆς,
1105 3909 1163 3960 sive
1182 3923 1217 3960 ex
1230 3911 1427 3962 commentario
1440 3910 1469 3960 in
1488 3909 1530 3960 Τι’-

411 3987 524 4047 moeum)
588 3985 617 4034 14
638 3987 830 4051 Ἁρποκρατίων
845 3983 881 4034 cf.
896 3983 936 4044 32,
951 3984 964 4031 3

440 4105 502 4156 TIT
518 4105 532 4156 1
550 4105 617 4172 ἁρχὴ
636 4113 685 4156 τῶν
704 4107 759 4171 περὶ
778 4106 914 4162 ἀθανασίας
933 4109 1016 4171 ψυχῆς
1036 4103 1225 4162 άποδείξεωνῦ
1287 4101 1531 4162 1311οσιόὼνιος6

472 4177 502 4227 11
522 4179 714 4244 Ἁρποκρατίων
729 4175 750 4226 C
814 4176 844 4225 19
860 4178 915 4242 περί
926 4175 1008 4240 πάσης
1022 4180 1124 4241 λογικῆς
1137 4180 1220 4242 ψυχῆς
1232 4179 1306 4241 λόγος
1322 4175 1341 4225 C
1405 4175 1434 4226 21
1453 4173 1531 4240 [νοῦίς

410 4250 472 4317 όπέρ
486 4248 531 4312 τὴν
545 4248 629 4316 ψυχήν
645 4251 669 4298 Α

443 4363 489 4414 ΝΟ
513 4362 621 4431 1αὶρχὴ,
642 4365 673 4430 άρ
692 4363 766 4414 rubr.
785 4367 808 4412 Α
872 4363 956 4413 θεῶν
973 4375 1026 4412 om.
1046 4364 1072 4412 Μ
1137 4362 1419 4430 7συνισπειρασμίνως
1439 4363 1467 4412 Μ

409 4434 687 4502 9ψυχὴ,ψυι·αθτ.Α
751 4436 780 4484 11
797 4431 961 4498 αότδνῙτδΜ
1025 4433 1056 4484 12
1073 4434 1178 4500 γένεσιν]
1193 4443 1239 4498 γῆν
1255 4434 1284 4482 Μ
1301 4433 1531 4498 (Plat.Tmarg.)

472 4505 544 4594 1θ-13
566 4509 746 4596 συμπισρῦσρν
767 4505 857 4605 Plano
902 4505 932 4592 14
952 4507 1003 4625 γρὲ]
1018 4517 1073 4624 Ἣ.
1096 4505 1210 4642 Μὲὲιιίγυ
1207 4505 1262 4626 101,
1278 4503 1323 4626 Ξάιὶ
1342 4503 1533 4628 βίέεγπρίιγεοῖποεγ

409 4595 536 4786 (Ξὲίζλγίε
550 4579 616 4775 Μ2ρ1
631 4576 797 4716 κδάίίγδέρΜ-
820 4575 1170 4716 θόοὰέόίαιεῐίοοιιυριείυ
1194 4597 1323 4700 νίιέοοιυι·
1347 4647 1470 4702 laborare
1487 4596 1502 4642 γ

458 4738 495 4771 οτι
521 4740 571 4771 οντι
