3538 5686
394 631 425 684 36
772 623 912 678 ΕΡΜΕΙΟΥ
932 626 1129 680 ΦΙΛΟΣΟΦΟΥ

319 783 360 850 77]
393 777 472 844 αύτάς
488 781 503 836 ὁ
521 779 636 838 Πλάτων
657 779 721 861 ἐφη,
739 781 801 856 ζῴῳ
814 780 856 840 ὁεῖ
871 783 917 839 τὸν
933 783 1018 860 λόγον
1033 782 1158 840 ἐοικέναι·
1180 789 1259 841 ποῖον
1272 781 1304 840 ἀν
1319 783 1366 841 οὸν
1381 787 1452 858 ζῷον
1466 781 1509 856 τίη

390 877 423 933 τά
438 877 486 952 μέν
497 878 571 934 κάτω
586 876 641 935 ἀνω
656 875 732 960 ίχον,
746 881 778 936 τά
792 879 820 937 δέ
835 879 891 938 ἀνω
905 879 995 954 κάτω;
1013 881 1124 940 Ἔπειτα
1136 887 1217 940 τοῦτο
1233 881 1298 939 αύτὸ
1312 883 1327 938 ὁ
1342 887 1389 939 νῦν
1405 879 1510 961 εἴρηκε,

390 976 435 1032 καὶ
446 973 506 1050 μετ’
516 973 611 1056 ὀλίγον
620 975 703 1034 πάλιν
714 977 780 1056 έρεῖ·
794 978 876 1036 είπὼν
889 979 940 1058 γάρ
954 984 1000 1036 νῦν
1016 981 1056 1036 ὁτι
1071 979 1261 1054 μεταμέλει
1275 979 1366 1044 αύτοῖς
1380 977 1513 1037 ἐπειδάν

390 1073 579 1132 παύσωνται
592 1083 653 1147 τῆς
668 1074 857 1152 ίπιθυμίας,
875 1077 953 1141 εύθῦς
969 1077 1034 1157 ἐρεῖ·
1053 1101 1068 1133 ιι
1084 1078 1169 1136 ὥστε
1184 1076 1310 1152 άὸηλον
1324 1077 1351 1136 εί
1367 1073 1407 1134 ἔτι
1421 1077 1514 1141 αύτοῖς

344 1181 359 1230 5
391 1170 467 1251 ρίλοι
481 1169 586 1229 ἔσονται
603 1170 736 1230 έπειθάν
755 1181 814 1246 τῆς
832 1173 1008 1249 ἐπιθυμίας
1026 1175 1236 1250 παύσωνται,
1255 1199 1269 1232 ιι
1285 1175 1331 1232 καὶ
1345 1181 1403 1240 ταῖς
1417 1175 1511 1238 αύταῖς

391 1268 477 1336 λέξεσι
490 1271 667 1351 χρησάμενος
682 1271 721 1334 ὡς
736 1271 767 1326 ού
783 1267 883 1338 λέξεως
900 1271 1032 1352 εύπορῶν.
1048 1275 1097 1330 Καὶ
1106 1273 1190 1331 πάλιν
1203 1274 1234 1331 τὸ
1247 1273 1313 1331 αύτὸ
1327 1277 1408 1331 τοῦτο
1421 1272 1512 1352 τρίτον

391 1364 467 1446 λέγει
478 1367 549 1445 έντῇ
562 1368 807 1450 άνακεραλαιώσει,
819 1375 908 1428 Ταῦτα
921 1371 970 1446 μέν
984 1371 1064 1435 αὐτὸς
1075 1371 1269 1446 ἐπεσημήνατο
1276 1375 1374 1445 <ὁ>
1383 1371 1509 1430 Πλάτων.

390 1463 474 1546 Ἐρεῖς
490 1464 518 1524 δέ
532 1467 577 1523 καὶ
591 1466 622 1523 σύ
635 1465 754 1524 ἐναντίον
768 1467 834 1524 αύτὸ
850 1469 929 1526 εῖναι·
946 1467 1083 1548 ὁμολογεῖ
1095 1471 1146 1550 γάρ
1161 1472 1286 1528 ὁπωσοῦν
1302 1469 1331 1528 εῦ
1345 1475 1433 1527 ποιεῖν
1449 1469 1512 1532 τοῦς

390 1563 502 1643 ἐραστάς
519 1566 563 1621 καί
579 1565 694 1646 χάριτας
714 1566 844 1646 παρέχειν
865 1572 923 1631 τοῖς
945 1566 1090 1646 ἐρωμένοις
1109 1569 1155 1626 καί
1178 1569 1242 1648 ὑπέρ
1263 1571 1313 1640 τὴν
1336 1568 1509 1648 ὑπάρχουσαν

331 1669 363 1720 10
394 1658 518 1736 δύναμιν.

432 1806 490 1879 κη’.
511 1807 577 1866 Ἔτι
600 1807 633 1866 δέ
657 1811 687 1867 οῖ
713 1811 771 1884 μέν
795 1809 939 1890 ἐρῶντες
963 1814 1154 1890 σκοποῦσιν]
1174 1807 1239 1872 '231
1266 1811 1303 1872 A.

284 1971 377 2024 mv·
431 1957 514 2010 Τοῦτο
528 1953 574 2010 καί
590 1953 655 2010 αύτὸ
670 1953 793 2020 ἀτάκτως
807 1961 905 2014 κεῖται·
922 1952 976 2014 ἐὸει
989 1957 1040 2035 γάρ
1055 1956 1121 2014 αύτὸ
1136 1955 1213 2037 εῖπιρ
1227 1955 1278 2036 ἀρα
1290 1956 1343 2037 πρὸ
1357 1961 1406 2014 τοῦ
1419 1977 1512 2036 προει-

393 2049 512 2129 ρημένου
534 2054 647 2126 κεῖσθαι,
672 2051 716 2110 ίνα
737 2054 788 2124 τήν
810 2053 912 2111 οίκείαν
935 2050 1010 2121 τάξιν
1031 2055 1101 2136 εἶχε.
1127 2059 1173 2114 Δεῖ
1195 2055 1247 2135 γάρ
1270 2055 1432 2133 λογίσασθαι
1449 2054 1512 2118 τούς

393 2149 491 2215 πόνους
513 2149 620 2221 αύτούς,
644 2149 694 2208 εἶθ’
714 2153 801 2215 οὕτως
824 2151 921 2226 μηκέτ’
941 2153 1010 2210 εῖναι
1031 2151 1129 2233 φίλους
1153 2151 1390 2228 μεταμεληθέντες
1411 2151 1451 2233 ἐρ’
1468 2155 1510 2216 οῖς

332 2256 363 2309 15
395 2246 504 2308 ἐπαθον.
523 2248 569 2315 Είς
586 2249 660 2306 ταῦτ’
680 2248 727 2308 οῦν
745 2247 902 2326 ἀποθλίψας
923 2253 938 2308 ὁ
959 2252 1105 2332 Σωκράτης
1125 2247 1175 2332 ἔρη
1196 2252 1241 2308 καὶ
1257 2253 1290 2308 τά
1309 2251 1512 2334 ἐπιχειρήματα

394 2345 500 2428 χύδην
519 2349 640 2428 είρῆσθαι
658 2351 703 2406 καῖ
721 2349 768 2406 σύν
787 2347 900 2425 ούὸεμιᾷ
918 2345 994 2416 τάξει
1009 2350 1155 2430 ἀναγκαία,
1176 2349 1250 2408 ἀλλά
1270 2355 1326 2407 τοῦ
1348 2350 1511 2430 ἐπιγράμ-

397 2466 500 2521 ματος
516 2443 601 2522 μηὸἐν
616 2445 749 2528 ὁιοιρέρειν
764 2453 811 2504 τοῦ
826 2445 923 2508 Μίδου.

435 2597 487 2658 κθ’.
507 2599 574 2657 Ἔτι
598 2601 626 2658 εί
648 2599 701 2658 ὁιά
723 2607 821 2660 τοῦτο
845 2598 935 2669 ἀξιον
958 2603 1032 2668 τοῦς
1054 2603 1285 2684 <ίρῶντας>
1308 2606 1365 2665 231
1392 2603 1428 2665 B.

434 2751 519 2804 Τοῦτο
544 2746 607 2803 αύτὸ
629 2747 660 2803 τὸ
685 2746 853 2828 ἐπιχείρημα
873 2748 996 2813 ἀτάκτως
1018 2755 1114 2807 κεῖται·
1138 2749 1193 2810 ἐὸει
1212 2753 1265 2831 γάρ
1287 2750 1365 2832 εῖπερ
1388 2749 1438 2831 άρα
1459 2751 1511 2808 ἀπὸ

334 2853 366 2905 20
397 2843 494 2900 τούτου
508 2845 620 2924 ἦρχθαι,
637 2841 714 2924 είπερ
729 2841 781 2904 ἐὸει
795 2845 847 2902 ἀπὸ
862 2851 910 2903 τοῦ
926 2847 1050 2922 μείζονος
1065 2845 1206 2928 ἄρχεσθαι.
1222 2848 1266 2906 Ἐν
1276 2849 1364 2924 τούτῳ
1373 2851 1425 2929 γάρ
1436 2849 1512 2928 λέγει

395 2940 437 2996 ὅτι
451 2941 482 2997 ού
498 2941 581 3016 μόνον
597 2939 673 3023 ρίλοι
687 2941 737 2998 ούκ
750 2939 865 3017 ἔσονται,
881 2942 955 3002 ἀλλά
968 2947 1013 3002 καί
1026 2951 1134 3010 κακῶς
1149 2953 1266 3006 ποιοῦσι.
1284 2948 1353 3028 Πρὸς
1365 2947 1395 3005 ὁὶ
1405 2948 1511 3012 τούτοις

395 3041 440 3096 καί
454 3038 605 3115 ἐναντίωμα
620 3039 707 3120 λέγει·
723 3041 787 3120 ρησῖ
802 3041 853 3121 γάρ
866 3043 912 3098 καί
927 3039 998 3123 ἔργῳ
1012 3045 1056 3100 καί
1069 3042 1164 3123 λύγοις
1179 3046 1224 3102 καί
1238 3052 1302 3102 πάσι
1315 3046 1426 3125 τρόποις
1441 3052 1511 3110 τοῖς

396 3135 577 3216 ἐρωμένοις
597 3136 794 3218 χαρίζεσθαι
812 3138 875 3203 τοῦς
896 3137 1018 3218 ἐραστάς,
1039 3143 1083 3198 καί
1101 3141 1204 3206 πάντας
1223 3143 1286 3208 τούς
1303 3141 1404 3207 ἀλλους
1419 3149 1510 3208 κακῶς

395 3241 491 3308 ποιεῖν,
508 3234 554 3291 ἐάν
568 3239 625 3300 τοῖς
639 3233 784 3314 ἐρωμένοις
799 3233 876 3312 δοκῇ.

333 3399 364 3450 25
437 3388 474 3450 λ’.
496 3391 554 3446 Καὶ
572 3391 632 3469 γάρ
652 3389 747 3448 αύτοί
766 3390 973 3470 ὁμολογοῦσι
993 3399 1102 3451 νοσεῖν
1124 3392 1290 3469 μῖιλλυνά]
1315 3398 1510 3476 σωφρονεῖν]

397 3489 454 3548 231
477 3487 515 3546 Ι).

434 3633 519 3684 Τοῦτο
539 3629 628 3684 κοινὸν
647 3629 695 3702 μἐν
716 3630 760 3684 καὶ
779 3629 830 3686 ὑπὸ
846 3627 946 3694 παντὸς
962 3627 1094 3709 λεχθῆναι
1113 3629 1272 3705 δυνάμενον,
1294 3632 1469 3712 παρέρριπται
1484 3631 1512 3688 δὲ

396 3725 447 3782 ύπύ
463 3725 560 3783 τούτου
576 3726 621 3781 καίΙ
641 3725 690 3782 οῦκ
709 3725 737 3782 ἐν
757 3723 843 3783 θέοντι
860 3729 958 3784 κεῖται.
975 3725 1044 3784 ’Έὸει
1064 3729 1116 3806 γάρ
1136 3727 1201 3784 αύτὸ
1220 3731 1405 3808 προειρῆσθαι,
1422 3729 1512 3809 ὥσπερ

394 3824 440 3879 καὶ
456 3825 470 3880 ὁ
489 3821 603 3880 Πλάτων
622 3819 771 3896 ἀποδείξει,
792 3824 833 3880 ὁτι
851 3829 926 3881 νοσεῖ
946 3825 960 3880 ὁ
981 3822 1059 3904 ἐρῶν,
1078 3827 1124 3883 καί
1145 3832 1225 3884 τοῦτο
1244 3829 1354 3906 προθείς
1374 3827 1462 3892 ούτως
1479 3827 1512 3884 τά

425 3983 542 4068 12640
561 4018 620 4082 (δεῖν
637 4017 717 4070 πάντα
735 4021 810 4084 λόγον
830 4016 915 4084 ὥσπερ
934 4024 997 4086 ζῷον
1017 4019 1165 4072 συνεστάναι
1187 4018 1267 4082 plat.)
1332 4019 1408 4070 4232
1428 4019 1449 4070 E

394 4091 409 4141 5
426 4089 472 4140 234
485 4091 510 4140 Α
525 4089 672 4153 (παυόμενοι
686 4095 728 4152 τῆς
743 4092 871 4153 ἐπιθυμίας
889 4087 969 4154 ΡΜ.)
1033 4089 1063 4139 16
1076 4089 1123 4140 264
1139 4088 1202 4140 B·D

427 4203 505 4256 NCl
528 4209 600 4256 ποῖον
620 4203 739 4268 scripsi:
764 4197 817 4256 οἷον
834 4203 896 4254 libri
958 4206 1033 4268 ὁτῆς
1053 4207 1182 4268 ἐπιθυμίας
1206 4201 1352 4257 παύσωνται
1380 4204 1449 4256 rint.

394 4277 436 4326 4-5
448 4277 531 4335 αὐτοῖς
541 4279 606 4340 φίλοι
618 4275 727 4341 ἕπονται]
737 4275 902 4342 βουλήσονται
915 4279 980 4340 φίλοι
993 4273 1057 4326 εῖναι
1072 4275 1142 4326 Pleu.
1206 4278 1221 4326 5
1235 4281 1288 4334 ταῖς
1302 4277 1388 4335 αὑταῖς
1399 4276 1511 4340 scripsi:

395 4348 481 4407 αὐταῖς
499 4354 551 4406 ταῖς
570 4347 630 4398 libri
693 4347 853 4398 readdidi
914 4345 1038 4411 ὓποιειν]
1060 4351 1128 4399 ποιεῖ
1148 4347 1174 4398 Μ
1192 4346 1257 4410 fiam
1274 4354 1428 4399 correxerat
1444 4349 1512 4408 Aer)

456 4420 472 4469 9
493 4417 667 4486 ὑπάρχουσαν]
688 4419 859 4486 ὑπερέχουσαν
884 4417 912 4467 Μ
976 4417 1006 4468 11
1029 4419 1072 4478 ῖτι,
1097 4417 1110 4468 ἐ
1131 4418 1206 4468 rubr.
1226 4421 1251 4469 Α
1314 4417 1345 4468 15
1365 4420 1433 4470 ταῦτ’
1457 4416 1511 4482 οῦν]

394 4495 467 4542 τοῦτο
479 4494 522 4541 νῦν
585 4491 616 4541 16
630 4489 766 4556 ἀναγκαία]
779 4491 907 4552 ἀνατιθησι
919 4489 976 4551 (sic)
987 4501 1016 4550 ας
1030 4487 1125 4552 prioris
1136 4491 1277 4554 scriptura*
1288 4489 1464 4540 nunevidere
1472 4494 1514 4539 est

396 4564 504 4627 ειαγιει
565 4561 597 4613 ιε
616 4564 660 4623 ιιι,
680 4563 693 4612 ε
711 4547 785 4612 rubr.
804 4563 829 4611 A
892 4561 926 4612 ιιι
945 4561 970 4612 ει
987 4561 1008 4610 ει
1028 4562 1052 4609 Α
1115 4560 1146 4610 ιν
1162 4565 1189 4611 τε
1210 4561 1325 4626 scripsi:
1345 4560 1451 4613 οιιιοιι

394 4631 426 4682 22
445 4635 487 4682 καὶ
507 4637 569 4683 anre
591 4636 730 4695 ιναντίωμα
748 4645 802 4682 om.
822 4630 851 4680 M
914 4630 945 4680 24
966 4630 1010 4682 έὸν
1026 4630 1088 4694 τοῖς]
1109 4634 1206 4690 ἑαυτοῖς
1226 4631 1254 4682 M
1276 4631 1342 4694 (iam
1357 4635 1513 4682 correxerat

395 4704 461 4766 Αετ)
523 4702 554 4753 25
574 4706 626 4765 καί,
645 4723 661 4755 ιι
680 4703 756 4756 rubr.
776 4706 801 4755 Α
865 4704 1033 4767 ὁμολογοῦσιν
1054 4701 1123 4752 Ρῖαί.
1187 4701 1218 4752 28
1234 4701 1407 4770 προειρῆσθαι]
1428 4719 1510 4768 προσ·

396 4775 484 4840 ρῆοθαι
498 4771 525 4822 Μ
589 4773 621 4824 29
634 4777 732 4842 προθείς
744 4773 859 4839 scripsi:
875 4773 990 4841 προσθείς
1004 4771 1069 4822 libri
