3600 5734
515 627 569 679 ΕΙΣ
589 628 651 679 ΤΟΝ
674 629 850 682 mnenon
870 629 1013 681 ΦΑΙΔΡΟΝ
1036 631 1159 684 ΣΧΟΛΙΔ
1354 643 1402 698 139

176 781 245 846 [16⁴]
278 777 310 834 τά
332 776 533 855 έπιτηδιόματα
554 782 599 838 καὶ
617 782 650 838 τά
671 779 725 854 ἤθη
744 782 790 838 καί
809 782 895 840 πάντα
914 781 1076 864 ἐκλέγονται,
1096 787 1141 843 καί
1159 785 1239 853 τέλος
1259 788 1352 853 αὐτοῖς
1370 790 1401 846 τό
1458 827 1464 844 ι

277 877 324 932 τόν
342 877 444 935 οίκεῑον
463 878 608 958 ἐπιγνῶναι
624 881 690 938 &edd
711 883 754 938 καί
775 883 844 938 κατά
864 883 914 952 τήν
936 883 1090 956 οἰκειότητα
1111 885 1193 943 αὐτοῦ
1214 885 1262 951 τάς
1283 885 1400 967 έκλογάς

277 979 421 1036 ποιεῖσθαι.
436 975 470 1034 Ὃ
482 977 554 1056 λέγει
569 978 615 1036 οῦν
631 985 710 1037 τοῦτο
723 977 804 1036 έστιν·
819 983 837 1052 έ,
854 982 924 1046 Δίιος
938 985 1012 1064 ψυχὴ
1029 984 1074 1040 τὸν
1087 983 1222 1063 ἐρώμενον
1238 987 1314 1058 ζητεῖ
1329 987 1401 1044 Δίιον

277 1075 357 1144 εἶναι,
376 1077 420 1132 καί
437 1073 694 1157 ίμθριθέστερον
711 1079 756 1134 καὶ
769 1079 987 1155 κατεσταλμένον
1001 1083 1046 1139 καί
1060 1081 1092 1140 οῦ
1109 1082 1211 1162 σφόδρα
1226 1086 1401 1160 κεκινημένον

229 1177 244 1225 5
278 1175 367 1253 φέρει
381 1174 426 1230 τὸν
441 1171 539 1254 ἔρωτα·
553 1175 640 1233 πάντα
650 1177 700 1255 γὰρ
712 1178 745 1234 τά
759 1177 818 1235 Δίια
830 1180 957 1258 σταθερά,
970 1180 1083 1256 μόνιμα,
1096 1181 1137 1239 ἀεὶ
1151 1181 1277 1247 ῶσαότως
1289 1179 1399 1262 έχοντα.

278 1269 357 1328 ’Όθτν
374 1273 421 1328 καί
439 1275 472 1330 τὰ
491 1272 545 1345 ἤθη
564 1275 609 1331 καί
627 1275 660 1331 τά
679 1273 880 1351 έπιτηδεθματα
898 1283 945 1334 τοῦ
966 1277 1103 1358 ἐρωμένου
1117 1284 1227 1336 τοιαῦτα
1242 1283 1328 1351 ζητεῖ·
1345 1278 1401 1347 έξυ-

278 1377 375 1443 μοιοῦν
393 1371 444 1450 γάρ
461 1371 540 1428 αὐτὸν
560 1372 630 1452 αὐτῷ
650 1371 788 1449 βούλεται.
803 1408 842 1418 -
856 1373 969 1456 Ἄχθος
988 1373 1017 1433 δέ
1033 1376 1085 1446 τὴν
1104 1379 1269 1458 κατοκωχήν
1287 1379 1332 1436 καί
1351 1382 1401 1450 τὴν

276 1465 426 1547 έμφόρησιν
439 1474 487 1526 τοῦ
501 1464 601 1548 έρωτος
616 1468 700 1548 λέγει.

318 1630 358 1702 μ’.
381 1625 473 1687 Ὅσοι
495 1627 527 1687 δέ
548 1628 659 1710 Ι’έρεός
679 1627 725 1711 τε]
748 1631 806 1690 252
829 1629 866 1690 C.

210 1774 244 1826 10
318 1777 369 1834 Δόο
385 1777 471 1858 ἀρχὰς
489 1775 579 1857 ῶσπερ
596 1776 722 1856 ἀνωτέρω
739 1773 831 1835 λαθὼν
850 1778 895 1834 καί
912 1781 963 1850 τὴν
981 1783 1030 1836 τοῦ
1049 1780 1109 1844 Διὸς
1127 1784 1173 1836 νῦν
1193 1779 1344 1848 ἀπεικάζων
1363 1786 1398 1858 τῇ

275 1882 327 1946 τῆς
346 1873 451 1940 Ἑστίας
471 1883 522 1946 τῆς
543 1874 630 1932 πάντα
650 1872 827 1954 έδραζοόσης,
847 1878 897 1947 τὴν
917 1881 965 1933 τοῦ
983 1877 1076 1957 ’Ἀρεος
1095 1876 1258 1950 ἀντιτίθησιν
1278 1877 1346 1954 αὐτῇ
1361 1879 1398 1944 είς

278 1971 381 2046 μονάδα
402 1973 481 2030 αῦτδν
503 1973 606 2052 ἀνάγων
625 1975 675 2044 τήν
697 1971 871 2052 διαιρετικην·
893 1973 971 2054 όγάρ
991 1971 1122 2048 δεσπότης
1134 1974 1218 2055 Ἄρης
1235 1982 1287 2046 τῆς
1303 1973 1399 2054 διαιρέ-

276 2093 344 2135 σεως
365 2071 442 2152 φίλος
458 2071 522 2129 έστί·
543 2073 628 2129 πάντα
645 2073 695 2152 γάρ
714 2073 747 2128 τέ
765 2078 813 2129 τοῦ
833 2071 925 2152 ’Ἄρεος
944 2070 1091 2153 διεγιρτικά
1109 2074 1154 2130 καί
1173 2075 1340 2148 κεκινημένα
1353 2073 1399 2130 καί

277 2165 420 2250 όξόρροπα·
438 2167 478 2226 διὸ
492 2172 543 2240 τὴν
559 2171 702 2242 κινητικὴν
718 2169 810 2228 οὐσίαν
827 2170 863 2235 είς
879 2170 958 2227 αὐτὸν
973 2171 1075 2249 ἀνοίγει.
1093 2169 1197 2228 Είδέναι
1214 2169 1241 2228 δὲ
1260 2169 1302 2228 δεῖ
1318 2177 1399 2228 τοῦτο

210 2267 243 2317 15
274 2268 406 2344 καθόλου,
429 2268 471 2325 ὅτι
490 2269 523 2326 τὰ
542 2266 670 2344 διδόμενα
688 2269 759 2348 παρὰ
777 2273 832 2325 τῶν
849 2273 922 2326 θεῶν
940 2265 1051 2334 ἕκαστος
1069 2269 1137 2325 κατά
1152 2270 1202 2341 τὴν
1218 2267 1287 2326 ίδίαν
1302 2269 1399 2326 οίκειό-

274 2387 345 2438 τητα
357 2361 574 2442 μεταλαμόάνει·
587 2369 645 2424 οἷον
655 2369 673 2438 ἡ
684 2365 810 2425 δέσποινα
823 2365 968 2448 Ἀφροδίτη
979 2365 1073 2448 φιλίαν
1081 2368 1125 2424 καί
1136 2364 1231 2424 ’ένωσιν
1243 2367 1397 2448 χαρίζεται,

275 2462 335 2524 ἀλλ’
351 2463 444 2536 ἐπειδὴ
465 2465 533 2536 αὕτη
553 2468 571 2535 ἡ
591 2461 729 2541 ἔλλαμψις
749 2469 767 2538 ἡ
788 2463 915 2541 διδομένη
933 2466 1005 2547 παρέ
1021 2474 1072 2538 τῆς
1088 2471 1154 2523 θεοῦ
1174 2465 1400 2544 συναναμίγνυται

274 2565 319 2620 καί
337 2567 371 2639 τῇ
388 2563 456 2641 ὕλη,
477 2561 612 2628 πολλάκις
625 2565 656 2620 τὸ
675 2559 887 2640 μεταλαμθάνον
905 2565 995 2644 τρέπει
1011 2565 1061 2636 τὴν
1079 2561 1182 2622 τοιάνδε
1197 2563 1280 2630 δόσιν,
1297 2564 1343 2623 καί
1358 2563 1399 2641 γί-

274 2683 346 2721 νεται
359 2665 377 2734 ἡ
388 2659 462 2742 φιλία
477 2660 590 2743 μοιχεία
602 2663 676 2741 παρὰ
690 2669 739 2720 τοῦ
754 2667 845 2727 κακῶς
861 2657 1130 2737 μεταλαμδάνοντος·
1144 2662 1238 2728 ἄλλως
1251 2663 1301 2742 γάρ
1317 2685 1399 2738 μετα-

207 2756 241 2806 20
274 2759 377 2818 δίδοται
399 2760 472 2840 παρὰ
492 2765 546 2816 τῶν
570 2766 643 2817 θεῶν
665 2761 733 2837 [καί]
755 2758 850 2825 θλλως
874 2762 1019 2842 μετέχεται
1042 2761 1113 2840 παρά
1134 2765 1189 2818 τῶν
1215 2762 1396 2843 μετεχόντων.

273 2860 364 2924 Οθτως
379 2860 424 2918 καὶ
436 2867 487 2930 τῆς
499 2856 628 2931 Ἠλιακῆς
642 2860 750 2939 Βίρμης
767 2866 828 2934 μιᾶς
841 2857 933 2931 οὔσης,
946 2858 1082 2940 διαφόρων
1097 2857 1171 2916 ὑλῶν
1183 2860 1397 2940 παρακειμένων,

273 2958 304 3015 τό
327 2959 376 3034 μέν
394 2960 506 3029 τήκεται
527 2957 566 3022 ῶς
585 2959 600 3014 ό
618 2958 714 3036 κηρὸς,
734 2958 765 3013 τό
786 2955 815 3014 δέ
834 2953 990 3036 ξηραίνεται
1009 2958 1047 3022 ὡς
1065 2959 1080 3015 ό
1097 2956 1200 3031 πηλός·
1218 2957 1332 3016 ίκαστον
1349 2961 1399 3040 γὰρ

273 3059 341 3114 κατὰ
353 3058 405 3128 τὴν
421 3057 521 3114 οίκείαν
536 3056 628 3113 οθσίαν
644 3050 851 3131 μεταλαμθάνει
864 3063 911 3113 τοῦ
927 3054 1080 3131 διδομένου,
1099 3057 1197 3136 καίπερ
1212 3064 1261 3114 τοῦ
1280 3057 1399 3128 ἡλιακοῦ

274 3157 364 3236 φωτὸς
381 3154 537 3230 μονοειδοῦς
553 3151 642 3219 ὄντος·
662 3153 703 3212 διδ
723 3155 767 3212 καὶ
785 3162 836 3226 τῆς
853 3152 956 3235 φιλίας,
974 3157 1032 3212 οἷον
1048 3162 1099 3226 τῆς
1114 3153 1285 3236 ’Δφροδίτης,
1303 3153 1398 3220 άλλως

208 3257 241 3308 25
274 3253 425 3329 Ἰδομενεὺς
440 3248 600 3328 μετέλαῦεν,
615 3251 708 3318 ἄλλως
722 3252 803 3332 Πάρις
817 3253 862 3310 καί
875 3251 1006 3332 Φαῖδρος,
1020 3249 1107 3316 άλλως
1121 3250 1174 3332 θρα
1190 3253 1337 3333 Σωκράτης
1352 3255 1399 3310 καί

273 3350 367 3416 ἄλλως
383 3353 497 3417 Λυσίας·
514 3351 585 3422 ὅθεν,
601 3350 695 3432 φησίν,
711 3351 738 3407 οἱ
751 3351 865 3430 κάτοχοι
879 3355 927 3407 τοῦ
944 3352 1006 3416 Διὸς
1022 3351 1147 3430 σταθεροί
1162 3351 1240 3426 είσιν,
1258 3353 1284 3408 οἱ
1302 3350 1331 3408 δέ
1350 3344 1398 3408 τοῦ

272 3449 368 3529 Ἄρεος
382 3450 513 3531 φονικοὶ
526 3451 571 3506 καὶ
586 3447 733 3521 ζηλότυποί
749 3450 809 3510 είσι.
826 3449 876 3506 Καί
892 3449 960 3520 αὕτη
976 3448 1024 3523 μέν
1039 3449 1128 3528 ῶσπερ
1142 3451 1160 3520 ἡ
1175 3449 1323 3529 φαινομένη
1339 3447 1399 3521 έξῆ·

272 3568 366 3626 γησις,
385 3551 403 3620 ἡ
424 3547 580 3613 ἀπόπτωσις
598 3551 646 3605 τοῦ
666 3545 806 3626 ἐρωτικοῦ·
828 3547 1072 3628 θεωρητικώτερον
1092 3546 1120 3605 δὲ
1139 3545 1215 3606 είποι
1235 3569 1275 3612 τις
1298 3546 1331 3604 ἀν
1352 3547 1399 3604 τόν

273 3646 409 3728 φονικὸν
429 3651 525 3703 τοῦτον
546 3643 630 3724 λέγειν
651 3645 697 3702 τὸν
720 3644 882 3726 φιλόσοφον,
905 3651 942 3724 τῷ
967 3642 1119 3726 ἀπορρῆξαι
1139 3654 1189 3718 τῆς
1212 3645 1282 3718 θλης
1303 3643 1345 3702 διὰ
1367 3645 1398 3702 τὸ

209 3748 241 3800 θθ
273 3737 431 3823 όξόρροπον,
442 3745 487 3801 καί
501 3743 734 3801 ἀποσκευάσασθαι
748 3751 798 3816 τῆς
812 3742 894 3815 ὕλης,
907 3745 952 3800 καὶ
965 3743 1062 3818 μηκέτι
1074 3749 1202 3825 φυσικῶς,
1214 3743 1288 3802 ἀλλά
1298 3749 1399 3824 νοερῶς

272 3841 404 3922 ἐνεργεῖν,
422 3845 467 3899 καὶ
484 3843 508 3899 εί
528 3841 584 3899 οἷόν
602 3864 631 3900 τε
649 3841 695 3899 καί
713 3843 765 3922 πρὸ
784 3846 877 3921 καιροῦ
892 3843 943 3912 τὴν
958 3841 1098 3920 ἀναγωγὴν
1112 3843 1277 3914 ποιήσασθαι
1295 3842 1396 3906 αὐτοῖς·

272 3941 355 4022 φόνος
375 3943 426 4021 γάρ
446 3939 477 3998 ἀν
497 3939 609 4021 λεχθείη
628 3939 671 3997 ἐπὶ
690 3946 744 3996 τῶν
763 3944 868 4012 θεῶνὴ
885 3940 1032 4006 ἀπόστασις
1047 3943 1064 4012 ἡ
1081 3941 1133 3998 ἀπὸ
1153 3946 1206 3998 τῶν
1227 3937 1369 4021 δευτέρων,
1390 3941 1395 4019 Ι

165 4034 257 4086 Mdv·
273 4039 363 4118 ῶσπερ
382 4039 427 4096 καί
445 4038 555 4096 ἐνταῦθα
570 4040 584 4094 ό
599 4037 680 4119 φόνος
697 4037 819 4118 στέρησιν
839 4037 938 4110 ταύτης
955 4045 1004 4110 τῆς
1024 4041 1097 4111 ζωῆς
1117 4037 1253 4114 σημαίνει.
1268 4039 1354 4095 -Τὸ
1370 4036 1399 4095 δέ

272 4139 327 4195 καί
344 4159 375 4194 τι
394 4137 553 4210 οίηθῶσιν
572 4135 760 4194 ἀδικεῖσθαι
779 4136 809 4193 τὸ
830 4137 879 4212 μέν
899 4136 1063 4218 φαινόμενον
1079 4145 1130 4209 τῆς
1151 4135 1306 4216 ἐξηγήσεως
1321 4137 1396 4207 καὶὴ

305 4365 351 4416 Nc
367 4365 382 4414 3
399 4363 478 4431 Δίιος]
493 4365 544 4424 διὸς
561 4365 616 4415 MD
680 4364 695 4413 5
711 4364 782 4431 φέρεν
797 4362 841 4413 ed.
858 4363 936 4424 Λεπ,
956 4361 1108 4427 typothetae
1126 4375 1225 4425 errore,
1243 4367 1274 4414 ut
1291 4359 1399 4414 videtur

332 4437 376 4488 6-7
397 4439 573 4501 ίξομοιουσθαι
590 4435 647 4498 (sid)
664 4437 700 4484 ΑΙ
764 4432 778 4483 7
797 4432 948 4500 κατοκωχὴν
968 4436 1003 4492 Α,
1023 4435 1071 4484 sed
1090 4447 1124 4486 ex
1143 4453 1157 4487 ο
1176 4435 1268 4486 effecit
1286 4447 1336 4485 aa

270 4508 527 4568 9ὅσοι,θι“υθι·.Α
590 4507 692 4574 Ἄρεως
713 4505 782 4556 Plat.
849 4505 1052 4569 11τὴν]τ“ονΜ
1116 4506 1146 4556 12
1164 4505 1223 4573 γὰρ]
1237 4505 1263 4557 δέ
1278 4505 1334 4555 MD

271 4581 301 4632 13
318 4580 457 4646 θιεγιρτικά
473 4592 527 4629 om.
547 4578 626 4628 MDE
691 4578 720 4627 1⁴
738 4575 822 4640 τοῦτο]
840 4576 912 4628 τδΜ
979 4577 1009 4626 17
1023 4575 1076 4642 τῆς]
1089 4581 1133 4629 τοῦ
1159 4579 1185 4628 Μ
1250 4577 1338 4628 20221
1354 4589 1397 4628 se·

271 4653 341 4703 clusi
361 4652 406 4714 (ot.
426 4657 518 4702 tamen
537 4650 619 4710 2526)
683 4649 712 4699 21
736 4648 815 4707 οθιως
835 4649 861 4700 δέ
877 4657 920 4712 τῆς
938 4649 966 4698 Μ
1031 4649 1062 4700 22
1085 4650 1161 4714 prius
1181 4652 1195 4701 ο
1216 4662 1299 4712 supra
1323 4661 1394 4700 νεεε.

271 4723 375 4776 addidit
395 4724 428 4775 A*
493 4721 523 4773 2³
547 4722 591 4786 τὴν
612 4735 666 4773 om.
692 4721 719 4770 Μ
786 4719 976 4784 μιταλαμθάνον
998 4721 1030 4771 Α1
1099 4721 1130 4772 25
1151 4719 1210 4788 ἤρα]
1232 4723 1275 4772 καί
1299 4724 1336 4771 A·

270 4795 301 4846 27
315 4797 421 4861 φυινικοί
435 4794 491 4845 MD
555 4793 587 4844 29
603 4795 715 4858 φοινικῦν
728 4791 784 4842 MD
848 4791 877 4842 ³1
896 4793 917 4842 εί
938 4805 994 4843 om.
1011 4792 1066 4844 MD
