3538 5686
415 573 447 624 40
781 559 922 612 ΕΡΜΕΙΟΥ
942 561 1138 614 ΦΙΛΟΣΟΦΟΥ

331 732 380 799 [79]
413 725 453 784 ότι
473 721 577 800 μᾶλλον
596 725 771 802 προστετήκει
787 729 827 799 τῷ
848 723 1000 804 φαινομένῳ
1018 723 1108 782 κάλλει
1131 725 1294 806 όΦαῖδρος.
1317 761 1357 774 -
1378 728 1413 786 Τὸ
1433 727 1461 786 δέ
1479 731 1530 788 σοί

415 821 561 898 είπόμην
576 821 634 878 ἀντὶ
647 827 695 880 τοῦ
712 846 727 878 ιι
740 827 789 880 σοῖν
803 823 1003 903 προυνοούμην,
1021 847 1036 878 ιι
1053 857 1092 868 -
1104 825 1139 881 Τὸ
1156 822 1184 882 δὸ
1204 821 1454 906 συνεόάκχευσα
1472 827 1529 886 ιἰντί

413 927 461 980 τοῦ
478 945 491 976 ιι
510 919 713 999 μεμερισμένως
730 919 876 1000 ένήργησα.
896 945 910 976 ιι
926 921 1027 1002 Βάκχαι
1040 922 1090 1002 γὰρ
1102 920 1195 1003 ἔφοροι
1208 931 1258 994 τῆς
1273 932 1385 1003 μερικῆς
1398 923 1529 1006 δημιουρ-

411 1021 485 1100 γίας·
509 1017 566 1076 ἀντὶ
585 1024 633 1076 τοῦ
657 1041 671 1074 ιι
688 1019 881 1099 συνεμερίσθην
900 1019 974 1097 κάγὼ
993 1021 1053 1100 περί
1070 1021 1115 1077 τὸν
1133 1021 1232 1080 Λυσίου
1252 1021 1335 1100 λόγον
1353 1024 1397 1080 καὶ
1414 1020 1532 1097 κατέόην

366 1125 381 1174 5
413 1117 462 1175 ἆτ’
475 1117 601 1194 ίμαυτοὸ.
621 1141 635 1172 ιι
657 1119 747 1174 -Τὸ
765 1116 794 1174 δέ
811 1126 870 1190 τῆς
888 1115 991 1183 θείας
1010 1118 1160 1200 κειραλῆς
1180 1119 1211 1176 τὸ
1231 1119 1378 1199 ἀκρότατον
1393 1121 1474 1180 αότοὸ
1488 1125 1533 1180 καί

412 1215 442 1272 τὸ
465 1217 494 1274 ἓν
517 1223 566 1286 τῆς
587 1218 679 1296 ψυχῆς
702 1211 785 1288 δηλοῖ
808 1217 869 1296 περὶ
891 1217 906 1273 6
928 1216 973 1274 καὶ
996 1218 1010 1272 6
1035 1215 1226 1292 ἐνθουσιασμὸς
1248 1219 1362 1297 γίνεται.
1385 1223 1478 1279 -Τὸ
1503 1219 1532 1278 δέ

412 1313 542 1381 παίζειν
560 1309 643 1385 δηλοῖ
663 1313 711 1388 μὸν
725 1316 770 1370 καί
783 1315 833 1384 τὴν
850 1315 1008 1394 Σωκράτους
1025 1316 1087 1392 περὶ
1102 1315 1149 1372 τὸν
1162 1314 1244 1393 λόγον
1259 1315 1401 1394 ίνίργειαν·
1419 1320 1464 1375 καὶ
1480 1320 1532 1398 γὰρ

412 1411 504 1470 παιδιὰ
518 1413 613 1470 θεῶνό
628 1411 756 1484 αίσθητὸς
770 1412 874 1486 κόσμος
889 1409 1008 1491 εἴρηται,
1026 1409 1094 1468 διότι
1109 1414 1148 1478 ιίις
1165 1414 1232 1492 πρὸς
1254 1415 1302 1477 τὸς
1323 1418 1531 1495 προηγουμένας

412 1509 500 1568 αὐτῶν
514 1509 650 1590 ἐνεργείας
663 1510 711 1574 τὸς
726 1509 794 1589 πρὸς
808 1509 842 1565 τὸι
859 1511 943 1568 οἰκεῖα
955 1507 1027 1567 αίτια
1043 1508 1135 1568 παιδιαί
1155 1511 1224 1568 έστιν
1241 1514 1256 1569 ό
1274 1513 1401 1585 αἰσθητὸς
1418 1514 1530 1591 κόσμος,

351 1612 381 1663 10
412 1606 531 1679 σπουδῆς
552 1608 642 1683 μέντοι
662 1607 808 1688 ἐχόμενος,
829 1608 922 1665 καθότι
943 1609 982 1672 ὡς
1002 1609 1060 1666 οἷόν
1072 1631 1101 1666 τε
1116 1607 1209 1690 ἄριστα
1223 1607 1296 1690 ἔχειν
1310 1613 1398 1677 οὕτως
1414 1609 1481 1693 ἔχει.
1497 1613 1532 1671 Τὸ

413 1705 507 1765 δἀότὸ
519 1707 564 1762 καί
578 1707 638 1784 περὶ
652 1707 703 1776 τὴν
714 1703 837 1786 θεωρίαν
851 1713 898 1764 τοῦ
909 1708 1009 1764 Λυσίου
1021 1707 1106 1786 λόγου
1118 1707 1217 1790 πάσχει
1231 1713 1245 1767 6
1260 1711 1418 1790 Σωκράτης·
1432 1711 1533 1770 κάτεισι

413 1806 464 1886 γὰρ
477 1804 530 1862 άπὸ
548 1813 599 1878 τῆς
613 1805 709 1862 έαυτοὸ
725 1813 817 1884 νοερᾶς
832 1803 954 1886 θεωρίας
972 1807 1009 1872 είς
1025 1807 1074 1876 τήν
1090 1813 1138 1864 τοῦ
1156 1807 1241 1886 λόγου
1260 1801 1389 1880 έξέτασιν,
1405 1810 1472 1868 καθὸ
1486 1811 1532 1867 καί

414 1901 489 1962 δοκεῖ
507 1901 622 1970 παίζειν·
641 1903 686 1960 καί
709 1904 799 1978 μέντοι
815 1903 860 1960 καί
885 1902 1043 1972 σπουδάζειν
1064 1906 1131 1962 καθὸ
1151 1906 1230 1980 σῴζει
1248 1906 1294 1964 καὶ
1315 1905 1466 1988 διορθοῦται
1488 1907 1534 1966 τὸν

416 2003 488 2064 νέον.

350 2165 382 2216 15
455 2153 517 2220 λς’.
538 2150 621 2210 Ἀλλ’
644 2153 688 2218 ὡς
712 2151 843 2226 άληθῶς
871 2154 941 2211 είιιέ
966 2153 1046 2234 πρὸς
1072 2155 1147 2218 Διὸς
1171 2151 1298 2236 φιλίου]
1322 2155 1381 2214 234
1405 2155 1442 2220 Ε.

454 2289 512 2370 Οὸχ
526 2289 564 2353 ὡς
580 2291 618 2354 είς
635 2288 738 2364 μονάδα
751 2289 798 2346 τὸν
813 2287 862 2346 Δία
875 2287 961 2346 πάντα
978 2287 1105 2367 ἀνάγεται
1117 2288 1151 2346 τὸ
1168 2289 1298 2364 ὀνόματα·
1316 2287 1362 2344 καὶ
1379 2287 1429 2366 γὰρ
1445 2285 1533 2366 ρίλιος

414 2389 512 2454 όΖεὸς
537 2387 643 2467 λέγεται
665 2388 711 2444 καὶ
727 2383 817 2464 Ιξένιος
838 2387 883 2444 καὶ
903 2389 1026 2458 κτήσιος·
1048 2384 1126 2443 ἄλλοι
1144 2384 1173 2444 ὸὸ
1192 2383 1276 2450 ἄλλοις
1299 2383 1427 2460 δυνάμεις
1452 2384 1533 2441 αὐτοῦ

416 2485 583 2567 έμερίααντο.
613 2487 662 2543 Καί
689 2485 739 2564 γὰρ
771 2482 878 2560 δαίμων
908 2483 1011 2562 λέγεται
1040 2479 1135 2556 ξένιος,
1163 2483 1208 2540 καὶ
1238 2479 1315 2546 θεός·
1348 2505 1362 2536 ιι
1389 2483 1403 2538 6
1428 2479 1533 2548 ξένιος

416 2585 555 2642 έκάστου
578 2582 718 2660 δαίμων,
742 2583 824 2665 ρησὶν
849 2581 876 2638 ἐν
897 2582 1033 2656 Νόμοις,
1058 2587 1102 2656 τῷ
1128 2577 1225 2656 ξενίῳ
1250 2579 1491 2654 συνεπόμενος.
1518 2601 1533 2632 ιι

352 2701 384 2752 20
416 2681 532 2758 Ὀμοίως
552 2684 597 2740 καί
617 2682 709 2764 ρίλιος
730 2680 849 2756 δαίμων.
869 2682 955 2738 Μόνον
973 2679 1001 2737 δὲ
1019 2680 1131 2738 ἐνταῦθα
1148 2682 1163 2736 6
1182 2677 1301 2759 Φαῖδρος
1327 2679 1372 2735 τὸν
1390 2677 1545 2759 Σωκράτην

417 2781 506 2864 ιρίλιον
521 2786 664 2861 προσεῖπεν
678 2782 716 2846 ὡς
733 2779 837 2856 μέλλων
853 2779 950 2838 λοιπὸν
962 2780 1031 2857 πρὸς
1046 2779 1126 2836 αὐτὸν
1139 2777 1312 2858 έπιστρέιρειν.

458 2933 511 3002 λζ’.
533 2933 584 2998 Ὠς
609 2933 646 2990 τὸ
671 2929 797 3008 δέοντα]
825 2931 883 2990 234
908 2929 944 2988 Ε.
1041 2911 1043 2914 ¹

456 3073 493 3129 Τὸ
509 3072 558 3147 μὸν
573 3069 666 3128 δέοντα
683 3071 755 3148 λέγει
772 3069 831 3127 ἀντί
846 3073 894 3126 τοῦ
908 3067 1019 3147 τάγαθά·
1039 3066 1099 3126 δέον
1113 3067 1164 3148 γὰρ
1178 3067 1210 3125 τὸ
1225 3067 1335 3146 ἀγαθόν·
1351 3067 1421 3148 παρὸ
1444 3066 1537 3143 δεσμεῖ

418 3168 506 3244 ἐκεῖνο
526 3170 541 3225 6
560 3167 592 3224 ὸν
610 3167 747 3248 κατάσχῃ·
768 3166 890 3230 ένώσεως
906 3165 957 3245 γὸρ
975 3173 1039 3222 πᾶσι
1059 3161 1220 3240 μεταδίδωσι
1238 3165 1269 3221 τὸ
1287 3165 1398 3244 ἀγαθὸν,
1415 3166 1537 3223 τουτέστι

356 3277 387 3328 25
418 3267 448 3323 τὸ
470 3264 510 3325 έν.
536 3271 593 3323 Ποῦ
617 3263 645 3322 δέ
672 3264 746 3322 εἶπεν
771 3266 785 3320 6
811 3261 929 3344 Φαῖδρος
951 3261 1046 3320 δέοντα
1070 3263 1204 3343 εἰρηκέναι
1229 3262 1274 3320 τὸν
1302 3263 1416 3342 ῥήτορα,
1442 3261 1534 3335 ἐπειδὴ

419 3366 433 3420 6
454 3363 600 3444 Σωκράτης
618 3364 656 3426 ιὸς
677 3362 757 3420 αότοῡ
774 3361 910 3442 εἰρηκότος
928 3359 1080 3442 έχρήσατο;
1105 3360 1141 3417 ”fl
1160 3358 1253 3432 έπειδὴ
1275 3360 1334 3418 ε’ίπε
1352 3357 1456 3435 μηδένα
1475 3363 1537 3416 τῶν

419 3461 586 3535 Ἑλλήνων
609 3459 700 3542 ἔχειν
721 3462 828 3519 είπεῖν
847 3459 948 3518 πλείω
968 3460 1023 3517 καὶ
1047 3459 1149 3534 μείζω
1168 3459 1235 3515 κατὸ
1256 3460 1306 3530 τὴν
1329 3457 1454 3533 δύναμιν,
1474 3459 1489 3514 ό
1508 3455 1536 3514 δὲ

424 3652 465 3736 ,8
467 3649 717 3775 ἑίριγταχέίὲαιίεί.
732 3653 759 3702 εί
772 3649 915 3714 eorrae'41.‚5
978 3651 1009 3701 19
1027 3649 1089 3714 Ley.
1103 3649 1137 3713 V,
1152 3649 1237 3702 73οΑ
1299 3649 1329 3700 2³
1356 3652 1443 3714 δεσμεῖ
1462 3648 1536 3701 aliud

422 3738 452 3775 θέλ
490 3738 525 3774 ra
539 3761 546 3775 ι

453 3839 499 3892 Nc
514 3839 711 3909 ίπροστετήκιι]
724 3843 875 3908 προστίτηκε
887 3841 914 3891 Μ
969 3839 984 3892 2
999 3836 1186 3909 προυνοοόμην]
1200 3837 1360 3908 προνοοόμην
1374 3841 1403 3890 Μ
1419 3841 1537 3907 (προῡνο-

421 3907 501 3978 οὸμην
516 3911 614 3977 siem)
677 3911 747 3964 θεοῦ
757 3919 821 3964 ante
833 3915 1018 3980 μεμερισμένως
1028 3913 1122 3963 om.M
1188 3911 1430 3979 5έμαυιοῦ1αὺτοῦ
1445 3912 1473 3961 Μ

421 3983 453 4034 10
467 3983 558 4047 μέντοι]
575 3983 624 4050 γάρ
637 3981 712 4035 τοιΕ
775 3979 829 4035 οίόν
842 3982 878 4049 τε]
893 3981 942 4034 είίν
956 3981 1011 4034 ειΕ
1073 3982 1105 4034 12
1117 3982 1171 4048 τῆς]
1181 3984 1272 4034 τῶνΜ
1338 3981 1541 4049 νοερᾶςίίερῖιςε

422 4053 470 4105 sed
485 4054 581 4119 prioris
599 4055 741 4118 seriptum,
759 4075 788 4107 νο
803 4069 878 4106 nuno
896 4054 989 4120 legere
1005 4059 1047 4106 est
1109 4054 1138 4104 1³
1161 4057 1230 4106 δοκεῖ
1247 4058 1341 4114 παίζειν
1358 4067 1407 4118 pro
1420 4053 1538 4105 lectione

422 4125 523 4177 oodiois
537 4125 560 4176 T
574 4125 602 4176 iu
619 4125 688 4177 Ρίεε
703 4129 806 4190 pugnat
867 4125 930 4177 ίοιι.
946 4125 1079 4185 σπουδάζει
1093 4125 1244 4190 legendum
1307 4126 1337 4174 15
1352 4126 1415 4187 ἀλλ’,
1432 4124 1537 4176 ambr.

423 4199 447 4247 Α
510 4196 541 4247 16
563 4197 623 4264 Οὸχ
640 4210 694 4248 om.
716 4197 744 4246 M
767 4195 861 4260 (junge
880 4196 958 4265 οὐχ...
980 4194 1108 4262 ἀνάγεται)
1172 4196 1202 4246 17
1224 4196 1329 4261 λέγεται]
1352 4199 1403 4248 εστι
1424 4199 1462 4247 Αι
1483 4195 1539 4257 (vel

422 4269 511 4333 potius
529 4267 640 4332 aliquod
659 4267 853 4331 compendium
869 4268 942 4331 quod
962 4267 1039 4318 nihili
1058 4269 1108 4328 εει)
1173 4265 1254 4332 ἄλλοι]
1274 4267 1338 4318 ἄλλα
1359 4267 1388 4317 Μ
1452 4265 1538 4333 ἄλλας]

422 4342 501 4393 ἄλλον
524 4343 561 4389 Αι
584 4352 632 4404 por
652 4339 847 4402 compendium
911 4339 988 4390 αὑτοῦ
1013 4352 1068 4389 om.
1094 4337 1115 4388 E
1176 4336 1208 4389 18
1229 4341 1243 4390 ο
1265 4340 1341 4397 ξένιος
1359 4337 1454 4402 scripsi
1474 4337 1539 4390 0011.

424 4411 513 4462 Plau
532 4413 616 4470 ξένιος·
633 4415 646 4462 ό
661 4410 723 4460 libri
786 4411 816 4460 19
832 4410 950 4474 ἑκάστου]
967 4408 1079 4462 ἑκάστων
1099 4409 1169 4460 Plat.
1234 4411 1329 4473 δαίμων
1341 4411 1415 4474 φησίν
1431 4409 1459 4458 Μ
1479 4412 1538 4474 φησί

423 4483 519 4546 δαίμων
536 4485 561 4533 Α
623 4485 718 4547 δαίμων
737 4484 780 4533 καί
799 4485 853 4542 θεός
873 4481 942 4533 Plan.
1006 4489 1041 4548 τῷ
1061 4479 1158 4532 om.E
1222 4484 1386 4545 συνεπόμενοι
1406 4479 1475 4532 Pmt.

424 4559 483 4618 post
502 4559 668 4618 συνεπόμενος
687 4553 803 4604 inseruit
824 4563 858 4621 τῷ
879 4553 919 4604 Διί
938 4551 966 4602 M
989 4553 1040 4617 (Διί
1057 4551 1138 4616 plat.)
1201 4551 1232 4603 22
1249 4557 1292 4612 ὡς,
1315 4557 1335 4602 ὡ
1355 4551 1429 4603 rubr.
1451 4555 1476 4604 A

423 4625 454 4675 23
469 4625 576 4690 τάγαθὸ]
598 4625 680 4691 άγαθὸ
698 4625 727 4674 Μ
791 4624 822 4675 24
837 4626 910 4675 τοῦτο
929 4625 980 4675 έστι
999 4622 1062 4674 libri
1124 4623 1155 4673 26
1175 4621 1352 4690 είρηκότωςΕ
1414 4622 1445 4675 27
1463 4625 1536 4687 μείζω

423 4697 466 4747 καί
481 4699 557 4746 πλείω
574 4694 642 4747 Plat.
657 4696 721 4747 κατὸι
735 4694 779 4759 τὴν
794 4691 899 4758 ὸόναμιν
914 4697 991 4746 πλείω
1005 4696 1047 4745 καί
1063 4697 1137 4757 μείζω
1152 4694 1180 4744 Μ
