3600 5734
438 535 493 586 ΕΙΣ
514 536 576 587 TON
597 537 774 588 ΠΛΑΤΩΝΟΣ
796 537 939 588 ammon
962 538 1084 589 zonlA
1282 551 1327 601 197

109 702 189 752 1¹?0v·
205 693 315 773 γοθσης.
333 727 372 740 -
385 696 420 751 Τὸ
435 693 463 752 δέ
477 693 716 777 διαθερμηνας,
737 695 741 774 1
760 694 879 752 τουτέστι
894 703 979 752 πᾶσαν
992 698 1084 777 ψυχὴν
1098 694 1140 753 διά
1154 704 1201 768 τῆς
1214 699 1328 773 μνήμης

203 792 357 872 ἀναγαγών·
374 791 484 871 Ξέρμην
497 793 547 872 γάρ
561 792 638 852 καλεῖ
651 795 702 865 τὴν
717 793 859 872 άναγωγὸν
874 791 1000 868 δύναμιν.
1014 829 1054 839 -
1067 797 1122 865 Τὴν
1138 793 1166 851 δέ
1181 795 1328 870 ἀνάμνησιν

203 889 354 962 αἴσθησιν
373 888 501 948 ἐκάλεσεν
516 889 607 963 ἐπειδὴ
623 893 668 948 καί
684 895 701 963 ἡ
719 889 844 963 αίσθησις
860 889 918 972 ἔχει
931 893 962 950 τὸ
977 893 1138 971 γνωστικὸν,
1154 895 1199 950 καῖ
1214 892 1326 970 δύναμίς

203 989 271 1046 ίστιν
286 991 304 1059 ἡ
321 987 447 1060 αἴσθησις
461 992 597 1067 γνωστική
603 1037 609 1050 .

160 1149 174 1196 5
243 1141 292 1197 νε’.
319 1138 555 1218 Γαργαλισμοῦ
577 1135 622 1220 τε]
646 1139 704 1198 253
727 1137 764 1198 Ε.

241 1281 382 1340 Τουτέστιν
402 1282 467 1339 ὅταν
486 1279 597 1362 άρξηται
615 1285 743 1340 κινεῖσθαι
759 1284 805 1338 καὶ
821 1281 883 1361 έράν
901 1287 949 1339 τοῦ
967 1279 1121 1340 αὐτοκάλου
1134 1284 1179 1339 καί
1192 1289 1247 1340 τῶν
1263 1305 1326 1354 νοη-

203 1386 257 1436 τῶν
277 1377 367 1437 εἰδῶν·
390 1379 422 1436 οὗ
443 1379 493 1459 γάρ
512 1378 554 1438 δεῖ
572 1380 610 1444 εἷς
629 1381 714 1444 πάθος
733 1379 859 1457 κατάγειν
876 1380 922 1436 τὸν
941 1378 1066 1460 ἡνίοχον.
1088 1414 1127 1429 --
1145 1381 1180 1437 Τὸ
1195 1378 1252 1437 δέθ
1269 1380 1328 1456 μέν

204 1478 371 1550 εὐπειθής·
393 1473 508 1552 είπομεν
522 1475 574 1549 ἤδη
592 1477 632 1535 ὅτι
648 1477 708 1557 περί
723 1476 868 1552 ἀμείνονος
883 1475 1073 1541 καταστάσεως
1087 1479 1132 1534 καί
1146 1476 1247 1557 έρωτος
1265 1477 1327 1554 βοθ-

202 1575 281 1633 λεται
303 1572 494 1656 διαλεχθῆναι.
518 1575 661 1647 Εὐπειθῆ
681 1574 709 1632 δέ
730 1575 803 1654 λέγει
820 1575 866 1632 τὸν
886 1575 988 1649 Βυμὸν·
1008 1576 1087 1640 οὗτος
1105 1573 1157 1656 γάρ
1172 1573 1265 1632 έπεται
1284 1574 1326 1632 έπί

144 1691 173 1742 10
201 1676 250 1745 την
265 1672 321 1731 άνω
336 1674 402 1731 Βίαν
421 1673 572 1753 πρόθυμος,
590 1675 604 1730 θ
620 1671 649 1730 δέ
661 1671 753 1753 ίτιρος
770 1671 872 1748 μᾶλλον
891 1672 1020 1751 βούλεται
1033 1671 1176 1731 καθέλκειν
1192 1674 1268 1731 κάτω
1280 1675 1327 1730 καί

201 1779 408 1852 γενεσιουργεῖν.
421 1804 460 1817 -
474 1774 509 1828 Τὸ
524 1769 552 1829 δέ
568 1775 610 1847 μί,
627 1769 787 1844 ἐπιπηδᾶν
801 1778 843 1850 τῷ
860 1771 1027 1852 ἐρωμένῳ,
1044 1771 1165 1830 τουτέστι
1179 1774 1217 1847 μὴ
1230 1794 1328 1853 προσο·

204 1868 318 1944 μελῆσαι
331 1873 366 1945 τῇ
380 1871 493 1948 γενέσει,
509 1871 577 1926 κατὰ
593 1868 621 1927 δέ
637 1870 667 1926 τὸ
683 1869 846 1950 φαινόμενον
865 1870 903 1944 μὴ
920 1869 959 1934 είς
976 1868 1076 1949 λόγους
1092 1867 1182 1928 ἐλθεῖν
1201 1875 1241 1945 τῷ
1261 1870 1328 1950 έριυ-

204 1967 291 2044 μένῳ.

244 2115 295 2184 νς’.
321 2115 355 2175 Ὃ
377 2115 409 2174 δέ
431 2116 507 2176 οίίτε
528 2119 680 2198 κέντρων]
704 2118 763 2177 254
785 2117 822 2177 Α.

145 2283 173 2330 15
245 2257 273 2314 ‘0
289 2255 317 2314 δέ
329 2255 418 2338 ’έτιρος
433 2259 447 2314 θ
462 2258 549 2336 ῥέπων
561 2257 604 2315 ἐπί
618 2261 668 2330 τὴν
683 2259 784 2337 γένεσιν
802 2258 983 2338 ἀναγκάζει
1001 2259 1182 2338 προσομιλεῖν
1196 2264 1254 2323 τοῖς
1267 2279 1329 2314 παι-

204 2355 289 2420 δικοῖς
304 2357 350 2414 καί
366 2356 575 2436 προσάπτεσθαι,
591 2358 637 2414 ἅτε
657 2355 689 2428 δὴ
709 2357 827 2428 ἀνήκοος
847 2355 886 2413 ὢν
905 2362 953 2414 τοῦ
973 2355 1068 2435 λόγου.
1084 2357 1119 2414 Τὸ
1139 2358 1190 2437 γάρ
1211 2363 1328 2431 μνεῖαν

202 2457 456 2528 <ποιεῖσθσι>
475 2463 525 2527 τῆς
545 2461 606 2512 τῶν
627 2453 830 2537 ἀφροδισίων
849 2456 1081 2536 <χάριτος>,
1102 2460 1181 2512 τοῦτο
1203 2449 1258 2512 έστι
1279 2460 1329 2526 τῆς

203 2558 397 2632 γενεσιουργοῡ
413 2552 554 2629 ἐπιθυμίας
570 2554 610 2619 είς
625 2553 775 2629 ἀνάμνησιν
790 2551 860 2633 ἀ’γει.

243 2707 295 2776 νζ’.
318 2709 365 2765 Τὼ
387 2706 419 2765 δέ
440 2707 511 2765 κατ’
533 2709 633 2790 ἀρχάς
657 2709 724 2786 μέν]
748 2709 806 2768 254
829 2709 866 2768 Λ.

144 2878 173 2928 20
243 2853 383 2912 Τουτέστιν
397 2854 412 2910 ὸ
426 2853 539 2934 ἡνίοχος
555 2855 600 2910 καί
614 2854 628 2910 ὁ
642 2852 726 2918 ίππος
742 2855 756 2910 ὁ
772 2852 799 2910 έν
813 2858 847 2929 τῇ
862 2852 986 2928 ἀμείνονι
998 2853 1099 2911 στάσει.
1114 2851 1198 2908 -Τὸ
1211 2849 1239 2907 δέ
1251 2850 1329 2906 δ’ταν

205 2950 308 3028 μηδέν
323 2951 342 3028 ᾖ
357 2953 458 3030 πέρας
473 2959 587 3008 κακοῦ·
606 2952 739 3009 τουτέστιν
758 2951 821 3009 ὅταν
838 2952 934 3025 μηκέτι
948 2949 1080 3008 δύνωνται
1094 2951 1235 3016 ἀντειπεῖν,
1256 2947 1329 3006 ἀλλά

204 3051 263 3106 οἷον
277 3049 405 3126 βιάσηται
422 3051 500 3121 ὁτῆς
516 3047 659 3123 ἐπιθυμίας
671 3048 767 3120 ίππος,
782 3045 907 3130 έρχονται
923 3051 971 3125 μέν
986 3047 1102 3120 πλησίον
1117 3055 1164 3104 τοῦ
1178 3046 1327 3126 δρωμένου,

202 3149 248 3204 καὶ
270 3146 300 3204 έκ
321 3147 417 3205 τούτου
438 3147 586 3223 ἀνάμνησις
603 3146 705 3225 γίνεται
724 3147 815 3212 αὐτοῖς
834 3154 882 3204 τοῦ
903 3153 1004 3219 νοητοῦ
1025 3143 1158 3220 κάλλους,
1181 3146 1226 3202 καί
1249 3145 1330 3202 πάλιν

204 3246 360 3328 ἀφίστανται
372 3254 424 3317 τῆς
438 3245 505 3324 πρὸς
520 3247 567 3302 τὸν
581 3245 717 3325 ἐρώμενον
732 3246 880 3310 συνουσίας,

146 3413 171 3462 ..⁹
246 3394 302 3468 ,ης
326 3395 357 3452 Ἡ
379 3399 491 3471 μνήμη
511 3395 591 3474 πρὸς
612 3396 671 3466 τὴν
692 3401 750 3452 τοῦ
774 3391 929 3472 κάλλους]
953 3393 1012 3452 254
1034 3393 1071 3452 Β.

247 3539 306 3594 ’Έτι
321 3539 372 3617 γάρ
388 3540 438 3608 τήν
454 3539 568 3612 μνήμην
582 3531 656 3617 έχων
670 3541 723 3591 τῶν
739 3532 794 3590 ἐκεῖ
808 3533 949 3613 ἀφίσταται
962 3533 1051 3606 πάσης
1066 3540 1118 3604 τῆς
1132 3532 1272 3610 γενέσεως,
1290 3565 1329 3574 -

205 3637 469 3716 Ἀστράπτουσαν
486 3631 514 3691 δέ
534 3634 591 3690 ἀντί
609 3640 658 3691 τοῦ
675 3630 797 3708 ίνδαλμα
817 3633 946 3712 φέρουσαν
962 3637 1011 3688 τοῦ
1024 3636 1126 3702 ’νοητοῦ
1141 3629 1271 3694 κάλλους.
1290 3664 1328 3674 -

235 3874 252 3926 8
267 3876 371 3938 εἴπομεν
387 3871 442 3933 196,
457 3873 486 3922 11

235 3999 298 4051 'ru'
314 3999 330 4050 9
346 3999 446 4062 εὐπειθῆ
461 4000 526 4064 λέγει
539 3999 582 4049 τὸν
597 4000 674 4062 θυμόν
690 3996 711 4047 G

238 4131 285 4182 Nc
305 4133 321 4183 2
338 4130 471 4196 άναγωγὸν
488 4132 512 4179 Α
530 4143 537 4179 2
556 4127 691 4193 ἀναγωγὴν
707 4129 735 4178 Μ
801 4127 815 4176 3
833 4130 969 4191 αῖσθησινε
988 4126 1097 4192 legebat
1115 4126 1199 4190 igitur
1212 4131 1240 4175 et
1257 4124 1328 4174 Her·

206 4203 275 4253 mias
287 4201 402 4266 αίσθήσει
465 4202 480 4251 5
495 4203 679 4268 γαργαλισμοῦ,
696 4218 743 4266 γαρ
758 4199 832 4249 rubr.
848 4202 871 4249 Α
934 4197 1107 4250 θαύτοκσλοῦ
1124 4197 1184 4247 libri
1200 4213 1206 4248 :
1224 4196 1260 4246 et.
1273 4196 1329 4254 177,

205 4274 235 4325 21
254 4297 255 4300 ¹
298 4273 313 4322 7
330 4276 368 4324 δεῖ
382 4270 426 4336 εἰς]
442 4275 492 4322 πᾶν
507 4283 523 4321 a
538 4269 596 4330 tsed
610 4270 725 4334 pristina
740 4270 874 4334 scriptura
890 4269 1050 4322 etiamnunc
1069 4268 1222 4334 perspicua)
1287 4270 1329 4318 τὸν

207 4349 310 4414 ἡνίοχον
333 4356 415 4394 evan.
440 4343 468 4392 in
493 4346 517 4392 A
579 4341 596 4392 8
616 4341 677 4392 fort.
700 4344 802 4405 εἴπομεν
825 4341 861 4392 ὃτι
886 4339 933 4404 ἤδη
997 4340 1028 4391 10
1048 4341 1109 4390 fort.
1134 4336 1268 4407 προθύμως

208 4421 320 4480 μάλονε
382 4414 414 4465 14
434 4413 535 4465 θειιῖιε.
552 4417 578 4464 Α
641 4412 672 4463 16
687 4416 808 4477 μνείανΑ
873 4412 903 4462 17
919 4415 1044 4464 ποιεῖσθαι
1059 4417 1086 4462 θλ
1100 4410 1202 4479 χάριτος
1213 4423 1268 4462 om.
1284 4413 1329 4460 A:

205 4484 621 4549 εθᾱ.Μ(νο1Αετ)οΡ1εῑοσε
686 4482 715 4533 19
731 4483 766 4535 τὼ
782 4483 1072 4550 τεθεΑιτθΜιτῷ
1088 4481 1267 4532 Plat.0od.B

207 4559 335 4626 καταρχὰς
352 4561 376 4606 Α
440 4553 470 4605 21
488 4552 621 4620 ἀντειπεῖν]
636 4556 746 4606 άντιπεῖν
763 4556 814 4604 M:
830 4557 969 4606 άντιτυπεῖν
986 4557 1043 4603 Αετ
1105 4553 1179 4604 21-22
1196 4553 1261 4603 άλλῖι
1275 4555 1330 4603 θια-

207 4629 323 4694 θιάσηται
343 4631 380 4677 Α*
441 4627 473 4677 25
496 4626 606 4690 ητιιίπ.
626 4630 650 4675 Α
714 4624 832 4690 κάλλους]
846 4628 955 4677 καθόλου
973 4625 1025 4674 ΕΜ
1089 4624 1119 4674 27
1137 4623 1330 4690 άστράπτουσαν

209 4726 238 4737 -·
250 4702 361 4758 κάλλους
376 4698 428 4750 hoo
444 4697 579 4748 scholium
594 4702 655 4760 post
670 4700 805 4754 συνουσίας
820 4697 869 4758 (24)
886 4696 996 4747 videtur
1010 4695 1205 4760 reportandum
