3604 5690
434 603 479 654 244
811 589 952 642 ΕΡΜΕΙΟΥ
973 590 1170 642 ΦΙΛΟΣΟΦΟΥ

335 751 401 818 [194]
474 742 538 822 σιγ’.
563 743 693 800 Πάντων
714 741 937 825 τελειότατος]
959 745 1018 802 269
1040 743 1077 802 E.

471 885 531 936 Τῶν
550 877 644 937 ἄλλων
663 877 838 958 δημαγωγῶν
859 880 942 958 λέγει.
959 913 998 924 -
1015 879 1051 936 Τδ
1073 877 1101 936 δέ
1121 887 1222 936 πᾶσαι
1237 880 1310 936 ὀσαι
1331 880 1475 958 μεγάλαι
1490 887 1552 937 τῶν

431 983 564 1058 τεχνῶν·
582 975 674 1048 ἐπειδὴ
691 977 790 1052 ἥψατο,
808 978 900 1057 φησὶν,
918 979 932 1033 ό
948 976 1086 1056 Περικλῆς
1102 974 1276 1057 φιλοσοφίας,
1294 975 1336 1033 διὰ
1350 977 1433 1035 τοῦτο’
1447 977 1551 1056 ἐγένετο

431 1073 633 1150 ὑψηλόνους,
650 1075 767 1150 συνάψας
781 1081 818 1154 τῷ
835 1071 1000 1154 ’Δναξαγόρᾳ
1017 1076 1047 1140 δς
1065 1076 1141 1130 παντὶ
1159 1080 1196 1152 τῷ
1215 1075 1311 1150 κόσμῳ
1331 1081 1393 1132 νοῶν
1411 1075 1550 1148 ἐπέστησε,

383 1179 398 1227 5
430 1177 485 1230 τῶν
503 1171 598 1232 ἄλλων
618 1174 696 1253 ἀέρας
716 1175 761 1230 καί
779 1174 812 1230 τά
830 1179 940 1230 τοιαῦτα
953 1181 1004 1244 τῆς
1024 1173 1206 1248 κοσμοποιίας
1222 1171 1295 1229 αἰτια
1310 1173 1457 1251 λεγόντων.
1475 1171 1551 1230 Ἀδο-

431 1270 532 1352 λέσχας
548 1271 576 1328 δέ
591 1269 701 1329 έκάλουν
719 1273 745 1328 οί
758 1269 870 1328 παλαιοί
883 1271 944 1336 τοὺς
959 1273 1020 1350 περί
1034 1273 1066 1327 τά
1083 1272 1206 1350 μετέωρα
1220 1266 1417 1351 διατρίόοντας.
1439 1269 1507 1351 ’Όρα
1523 1271 1552 1328 δέ

428 1372 476 1442 τὴν
490 1370 636 1449 ῥητορικὴν
655 1369 774 1447 μεγάλην
789 1367 870 1427 οὖσαν
884 1371 985 1450 τέχνην
1004 1375 1061 1434 πῶς
1079 1370 1160 1450 μέχρι
1177 1373 1230 1425 τῶν
1249 1375 1322 1426 θεῶν
1342 1370 1447 1447 ἀνάγει·
1468 1391 1550 1449 προσ-

428 1469 519 1549 φόρως
536 1469 587 1548 γάρ
606 1475 664 1532 τοῖς
685 1469 872 1541 ὑποκειμένοις
891 1468 1031 1547 πράγμασι
1047 1469 1200 1546 ῥητορεύειν
1217 1467 1316 1548 ὀφείλει
1331 1469 1345 1524 ὀ
1361 1468 1464 1548 ῥήτωρ,
1481 1467 1550 1524 ὥστε

428 1566 536 1647 ὀφείλει
556 1568 601 1624 καίΙ
621 1568 651 1623 τὸ
672 1567 772 1639 ἀληθές
794 1567 892 1624 εἰδέναι
910 1567 1021 1623 καὶτοῦ
1040 1567 1144 1641 κόσμου
1164 1565 1322 1647 ἐπεσκέφθαι
1338 1567 1369 1622 τὸ
1386 1567 1548 1644 μεγαλεῖον·

366 1667 397 1718 10
429 1665 459 1722 σιί
475 1665 525 1746 γὰρ
538 1673 625 1722 πᾶσαν
639 1668 689 1736 τήν
702 1673 755 1744 γῆν
770 1665 876 1739 νομίζει
890 1665 920 1722 τὸ
936 1663 1012 1722 οὐδέν
1029 1666 1108 1725 εῖναι.
1125 1666 1160 1722 Τὸ
1175 1671 1295 1722 τοιοῦτον
1306 1663 1334 1722 δέ
1346 1667 1391 1722 καίΙ
1406 1665 1432 1722 ἐν
1449 1663 1549 1721 Ἀλκι-

427 1759 526 1840 θιάδῃ
550 1763 634 1835 εἶπεν,
656 1763 700 1820 ὀτε
719 1761 813 1842 ἔλεγεν
830 1763 872 1820 δτι
893 1787 906 1818 ιι
923 1767 1026 1834 πᾶσαὴ
1045 1771 1095 1834 τῆς
1109 1761 1236 1828 Ἑλλάδος
1251 1764 1322 1844 άρχή
1339 1761 1415 1820 οὐδέν
1432 1785 1473 1821 σοι
1486 1762 1547 1843 φαί-

428 1883 499 1919 νεται
515 1860 606 1933 οόδέὴ
622 1866 678 1918 τῶν
693 1861 719 1919 έν
733 1860 849 1941 Εὐρώπῃ
867 1856 1009 1941 βαρόάροιν
1025 1885 1038 1916 ιι
1055 1863 1100 1918 καῖ
1113 1863 1146 1918 τά
1159 1867 1279 1920 τοιαῦτα.

466 2015 528 2076 σιδ’.
551 2018 590 2072 Τὸ
613 2017 672 2094 γάρ
695 2013 899 2097 ὑψηλόνουν]
921 2016 979 2074 270
1002 2015 1039 2074 Α.

464 2163 500 2218 rb
514 2168 691 2243 καταφρονεῖν
706 2167 762 2218 τῶν
779 2161 889 2219 ἐνταῦθα
900 2163 946 2220 καί
960 2163 1021 2241 περὶ
1036 2161 1166 2240 μεγάλων
1180 2165 1313 2220 ποιεῖσθαι
1327 2162 1390 2227 τοός
1407 2163 1504 2240 λόγους
1518 2161 1548 2220 ἐκ

363 2267 395 2316 15
425 2259 524 2332 ταύτης
538 2269 587 2331 τῆς
601 2259 764 2341 ἀδολεσχίας
777 2259 905 2340 ἤρτηται.
922 2296 961 2304 -
974 2261 1009 2317 Τὸ
1022 2259 1050 2318 δέ
1065 2266 1120 2317 νοῶ
1135 2283 1169 2317 τε
1184 2262 1237 2318 καὶ
1253 2262 1378 2325 ἀνοίας·
1395 2263 1482 2317 πάντα
1497 2262 1547 2340 γάρ

424 2359 457 2416 τὰ
468 2357 562 2424 καλῶς
579 2357 835 2438 δεδημιουργημένα
851 2359 901 2415 ὑπὸ
916 2359 962 2416 τὸν
975 2365 1035 2417 νοῦν
1050 2359 1171 2440 ἀνέφερε,
1184 2360 1217 2416 τά
1231 2357 1259 2416 δέ
1272 2361 1310 2424 ῶς
1327 2358 1421 2422 ἄλλως
1435 2361 1486 2416 ὑπὸ
1499 2361 1548 2430 τὴν

426 2457 507 2532 ὀλην,
523 2457 569 2514 ’ἰνα
584 2456 675 2515 όίνοιαν
689 2457 754 2536 λέγῃ
770 2460 820 2530 τήν
837 2456 907 2530 ἰίλην
920 2459 966 2514 καὶ
980 2458 1010 2513 τό
1022 2460 1287 2536 κατηναγκασμένον·
1303 2456 1411 2533 μᾶλλον
1426 2455 1453 2514 δέ
1467 2463 1546 2514 τοῦτο

426 2553 502 2635 λέγει
521 2557 563 2613 έπί
582 2559 632 2628 τήν
652 2553 759 2635 έρευναν
776 2562 830 2612 τῶν
850 2562 953 2628 νοητῶν
971 2557 1016 2613 καί
1036 2555 1135 2614 ὀλικῶν
1152 2557 1316 2636 πραγμάτων
1331 2556 1543 2637 ἀφικόμενος.

465 2713 525 2770 σιε’.
550 2709 578 2767 '0
600 2710 698 2775 αὐτός
718 2713 790 2788 που]
814 2712 872 2770 270
895 2710 931 2768 B.

360 2850 392 2899 20
464 2841 639 2924 Παραθάλλει
658 2845 707 2916 τήν
727 2843 870 2924 ῥητορικὴν
888 2848 921 2918 τῇ
942 2843 1057 2922 ἰατρικῇ,
1073 2841 1119 2898 καί
1135 2863 1215 2922 φησιν
1233 2843 1274 2900 ὅτι
1290 2845 1306 2914 ἢ
1325 2843 1373 2917 μὲν
1386 2843 1448 2922 περὶ
1466 2849 1546 2918 σῶμα

423 2938 491 3024 ἔχει,
514 2946 531 3014 ἢ
551 2941 579 2999 δέ
597 2941 658 3022 περὶ
678 2943 779 3022 ψυχὴν,
800 2942 845 2998 καὶ
863 2941 951 3020 ὥσπερ
971 2939 1059 3020 ἰατρὸς
1082 2936 1186 3020 ὀφείλει
1206 2939 1364 3020 ἐπεσκέφθαι
1382 2941 1545 3014 τὰσώματα

423 3041 475 3098 ἀπὸ
498 3046 552 3096 τῶν
574 3037 648 3098 ὅλων
669 3039 824 3121 στοιχείων,
847 3039 960 3118 πότερον
982 3036 1082 3094 ἁπλοῦν
1102 3038 1132 3094 τὸ
1155 3042 1235 3112 σῶμα
1257 3038 1274 3108 θ,
1299 3039 1432 3110 σύνθετον,
1452 3040 1498 3094 καὶ
1516 3037 1545 3095 έκ

422 3135 502 3196 τίνων
522 3137 568 3194 καὶ
590 3135 681 3195 πόσων
701 3139 739 3217 (έν
757 3143 794 3216 τῷ
813 3137 940 3212 Τιμαίῳ
959 3134 988 3193 δέ
1007 3159 1087 3216 φησιν
1107 3138 1121 3192 ό
1138 3135 1287 3216 φιλόσοφος
1308 3136 1350 3192 ότι
1368 3139 1393 3194 ol
1411 3136 1466 3193 νέοι
1483 3137 1544 3194 θεοὶ

422 3229 608 3311 δανεισάμενοι
628 3235 658 3292 ἐκ
675 3241 722 3293 τοῦ
741 3236 842 3299 παντὸς
862 3236 1010 3306 συνέθηκαν
1027 3237 1108 3308 ἡμῶν
1123 3233 1155 3289 τά
1172 3232 1252 3313 μόρια
1268 3233 1298 3290 έκ
1312 3240 1359 3290 τοῦ
1375 3233 1441 3291 όλου
1461 3234 1543 3312 πυρὸς

376 3349 387 3362 ’
421 3334 467 3390 καὶ
489 3336 567 3414 ἀέρος
585 3336 704 3404 καὶτῶν
725 3328 819 3391 ἄλλων
838 3328 964 3397 λαθόντες
986 3333 1079 3412 μέρος·
1103 3331 1170 3388 ὥστε
1192 3333 1206 3387 ό
1226 3330 1319 3410 ἄριστα
1341 3332 1543 3408 ἐπεσκεμμένος

421 3438 501 3508 σῶμα
522 3432 564 3489 ἐπὶ
586 3433 618 3489 τά
637 3433 690 3490 ὀλα
707 3432 753 3488 καὶ
770 3433 817 3495 τὰς
836 3430 921 3512 ἀρχὰς
942 3430 1049 3511 ὀφείλει
1068 3429 1235 3511 ἀνατρέχειν·
1254 3433 1281 3486 αἱ
1296 3429 1346 3509 γάρ
1361 3430 1476 3508 γνώσεις
1491 3431 1543 3486 άπό

420 3537 473 3588 τῶν
491 3532 586 3612 ἀρχῶν
602 3529 745 3610 γίνονται),
765 3531 835 3586 οὕτω
850 3531 895 3586 καὶ
910 3529 952 3585 έπί
969 3533 1058 3609 ψυχῆς
1074 3526 1116 3584 δεῖ
1132 3535 1252 3600 σκοπεῖν,
1268 3535 1374 3608 πρῶτον
1390 3531 1438 3605 μέν
1455 3530 1478 3585 εί
1494 3552 1544 3603 μο-

421 3629 528 3700 νοειδής
548 3630 618 3687 ἐστιν
637 3631 654 3700 ἢ
674 3630 812 3708 τριμερὴς,
833 3629 877 3684 καί
897 3628 921 3684 εἰ
940 3629 1071 3706 τριμερὴς
1091 3623 1226 3683 διελέσθαι
1239 3628 1272 3682 τά
1288 3627 1357 3706 μέρη
1372 3635 1422 3699 τῆς
1437 3632 1541 3708 ψυχῆς,

419 3730 464 3784 καὶ
479 3727 565 3792 οίίτως
579 3726 611 3784 τὰ
628 3728 694 3806 μέρη
711 3733 765 3782 τῶν
779 3723 868 3804 λόγων
885 3724 1010 3782 διελόντα
1022 3725 1237 3804 προσαρμονίσαι
1252 3725 1319 3802 [καὶ]
1336 3731 1393 3790 τοῖς
1408 3725 1541 3788 ἑκάστοις·

356 3832 387 3882 30
420 3825 515 3883 εἰδέναι
534 3823 644 3904 γάρδεῖ
664 3826 708 3882 καί
727 3825 760 3880 τὰ
777 3823 911 3899 ἰδιώματα
929 3829 983 3880 τῶν
1001 3826 1108 3903 ψυχῶν·
1128 3820 1201 3879 άλλα
1216 3825 1267 3902 γὰρ
1283 3821 1417 3899 ἰδιώματα
1433 3830 1542 3904 Θρᾳκῶν

419 3921 489 4006 [καί]
506 3921 579 3981 ἄλλα
599 3923 744 3994 Λακώνων,
764 3919 836 3980 ἄλλα
851 3921 1011 3994 Ἀθηναίων·
1028 3921 1073 3977 καὶ
1094 3919 1136 3977 δεῖ
1154 3921 1222 4000 πρὸς
1237 3922 1363 3988 έκάστους
1378 3924 1542 4002 ἁρμόζεσθαι

420 4025 465 4080 καὶ
481 4021 544 4086 τοὺς
557 4020 665 4100 λόγους.

448 4179 479 4227 10
495 4175 586 4226 Αἰοίθ.
605 4176 676 4226 1105
692 4177 741 4226 AB
805 4176 834 4224 23
854 4175 922 4226 Tim.
938 4177 970 4226 42
986 4175 1006 4225 Ε

447 4285 509 4336 TIT
525 4285 555 4336 23
572 4285 603 4337 τδι
618 4289 642 4336 έν
657 4294 691 4354 τῷ
707 4285 807 4352 Τιμαίῳ
823 4285 843 4335 C

448 4396 494 4446 NG
510 4398 521 4446 l
539 4395 647 4457 πάντων,
660 4415 678 4446 π
690 4394 764 4444 rubr.
777 4398 799 4443 Α
859 4395 875 4445 2
889 4397 916 4446 τδ
928 4395 954 4446 δέ
966 4409 1020 4444 om.
1034 4396 1061 4444 M
1120 4395 1163 4445 5-6
1179 4397 1329 4465 ἀδολεσχίας
1340 4400 1368 4450 Μ
1382 4400 1454 4450 unde
1463 4404 1538 4452 Asrr

415 4480 428 4515 ιι
442 4467 535 4518 τίσασθε
547 4466 656 4516 videtur
669 4469 809 4532 ἁδολέσχας
821 4483 835 4512 ο
899 4467 930 4516 10
946 4463 1020 4530 εἰναι]
1036 4469 1126 4517 εἰδέναι
1142 4469 1168 4516 Μ
1218 4461 1262 4521 ’δέ
1277 4483 1331 4520 om.
1348 4470 1376 4520 M
1442 4472 1469 4523 11
1486 4473 1538 4536 ὅτε]

415 4539 451 4590 ὅτι
473 4541 500 4589 Μ
568 4540 596 4588 12
613 4544 637 4590 έν
660 4551 715 4588 om.
738 4537 766 4586 M
838 4537 867 4586 13
884 4539 952 4593 τὀ,τ
973 4538 1045 4587 rubr.
1065 4541 1089 4586 A
1157 4539 1188 4589 18
1204 4543 1246 4590 καί
1263 4552 1311 4592 τῶν
1334 4545 1425 4593 ὑλικῶν
1447 4545 1474 4593 Μ

416 4610 446 4660 19
464 4615 476 4661 ό
491 4611 564 4668 αὐτός
579 4629 627 4662 που
643 4610 716 4659 rubr.
731 4611 754 4656 Α
819 4609 848 4658 21
868 4611 979 4676 ὀίατρδς
995 4609 1024 4656 Μ
1088 4609 1118 4658 22
1135 4609 1210 4674 ὅλων]
1226 4613 1308 4662 ἄλλων
1325 4614 1351 4662 Μ
1418 4615 1448 4664 25
1466 4617 1539 4681 ἀέρος

415 4683 474 4731 Asi·
489 4695 523 4732 ox
536 4681 605 4732 Plat.
620 4695 626 4730 ί
644 4683 733 4748 μέρους
747 4679 810 4728 libri
874 4679 965 4744 ἄλλων]
982 4680 1046 4731 ὀλων
1060 4680 1090 4728 Μ
1154 4681 1185 4731 29
1202 4688 1404 4749 προσαρμονίσαι
1419 4686 1515 4750 scripsi
1532 4693 1538 4737 ὲ

414 4753 476 4820 πρὸς
491 4756 622 4819 ἁρμονίαις
635 4751 696 4801 libri
760 4753 802 4802 καί
817 4750 919 4801 seclusi
982 4750 1010 4800 31
1027 4753 1070 4800 καί
1086 4751 1187 4802 seclusi
