3604 5690
363 567 410 621 236
752 561 893 612 ΕΡΜΕΙΟΥ
910 561 1108 612 ΦΙΛΟΣΟΦΟΥ

266 723 332 791 [19⁰]
364 725 537 806 διαιρετικήν·
553 733 633 786 τοῦτο
649 727 677 786 δέ
693 730 738 787 καὶ
754 729 781 786 ἐν
796 725 937 804 Φιλήθῳ
951 730 997 786 καὶ
1014 729 1041 786 ἐν
1057 729 1223 807 Πολιτικῷ
1237 735 1324 802 ποιεῖ,
1341 727 1430 806 λέγων
1445 727 1487 785 ὅτι

364 825 452 905 δῶρον
471 825 501 883 ἐκ
519 830 592 884 Βιῶν
614 827 653 892 εἰς
673 827 829 907 ἀνθρώπους
848 827 891 885 διά
910 827 1078 907 Προμηθέως
1097 825 1176 900 έδόθη
1192 830 1210 898 ή
1227 825 1384 906 διαιρετικὴ,
1399 827 1444 883 καὶ
1460 826 1487 883 έν

366 929 511 1004 Σοφιστῇ
527 921 555 984 δέ
569 920 852 1006 όμφιθληστρικῷ
871 927 978 1006 όργάνιμ
992 925 1130 994 ἀπεικάζει
1142 925 1238 998 αὐτήν.
1255 925 1292 981 Οιί
1307 925 1358 1006 γάρ
1376 923 1487 982 δυνατόν

365 1020 440 1102 ’τ’χειν
454 1022 607 1099 ἐπιστήμην
621 1024 786 1103 πραγμάτων
801 1022 862 1084 ἀνευ
876 1033 927 1096 τῆς
944 1022 1110 1104 διαιρίσεως.

319 1179 334 1228 5
406 1175 480 1257 ρπη’,
504 1177 557 1241 Εἰς
576 1178 610 1234 ἓν
630 1177 683 1233 καὶ
706 1176 757 1234 ἐπὶ
776 1175 893 1258 πολλά]
916 1177 975 1236 266
998 1176 1034 1236 B.

404 1315 527 1374 Τουτέστι
544 1341 558 1372 ιι
572 1318 618 1374 τὸν
632 1315 781 1392 δυνάμενον
793 1320 842 1390 τήν
853 1317 931 1397 φύσιν
943 1323 999 1374 τῶν
1010 1317 1179 1397 πραγμάτων
1192 1316 1314 1375 κατιδεῖν
1327 1315 1485 1393 μεταδιώκει

365 1413 404 1478 ὡς
426 1413 502 1472 Βεόν.
519 1437 533 1468 ιι
557 1412 792 1478 Διαλεκτικοάς
814 1413 843 1472 δέ
863 1414 944 1473 καλεῖ
965 1415 996 1472 οὐ
1017 1414 1081 1479 τοὺς
1103 1413 1210 1480 εἰδότας
1235 1416 1315 1490 μόνον
1335 1413 1398 1478 τοάς
1422 1415 1486 1492 περὶ

364 1515 439 1587 ἡμᾶς
459 1511 571 1590 λόγους,
588 1511 661 1570 ἀλλά
678 1513 740 1578 τοίις
754 1511 914 1588 δυναμένους
929 1513 962 1570 τά
976 1514 1062 1585 νοητά
1076 1511 1138 1585 είδη
1155 1513 1193 1578 εἰς
1206 1510 1300 1570 πολλά
1315 1510 1425 1592 διαιρεῖν
1438 1513 1485 1569 καί

367 1611 403 1676 εἰς
415 1610 444 1667 ἓν
459 1610 575 1688 ἀνάγιιν,
590 1613 709 1670 τουτέστι
721 1611 785 1675 τοὺς
801 1613 919 1682 τὴντῶν
935 1609 1014 1668 ἰδεῶν
1029 1610 1145 1684 έκάστην
1160 1609 1352 1690 διακρίνοντας.

302 1761 334 1812 10
406 1759 477 1842 ρπθ’.
500 1766 601 1818 Τανῦν
622 1759 655 1818 δέ
675 1763 759 1842 παρὰ
780 1768 836 1820 σοῦ
858 1761 903 1846 τε]
926 1763 984 1822 266
1007 1762 1042 1822 C.

407 1901 557 1982 Πληρώσας
572 1904 605 1961 τά
619 1905 680 1984 περί
694 1899 742 1978 τῆς
751 1903 870 1978 ἀληθοῦς
884 1907 1042 1988 ῥητορικῆς,
1058 1904 1155 1981 μέλλει
1169 1903 1323 1965 είσόάλλειν
1338 1907 1378 1970 εἰς
1390 1905 1424 1962 τά
1437 1913 1486 1977 τῆς

366 1999 524 2078 δημώδους,
544 2003 589 2059 καί
607 2002 712 2082 ἰστορία
732 2004 872 2079 ὀνομάτων
891 2005 937 2088 καὶ
957 2005 1156 2085 καταρίθμησίς
1179 2005 1234 2062 ἐστι
1252 2011 1308 2062 τῶν
1329 2003 1484 2083 λεγομένων

365 2097 521 2181 κεφαλαίων
533 2108 584 2172 τῆς
597 2101 744 2180 ῥητορικῆς
763 2102 796 2158 τά
810 2098 871 2174 ἑξῆς
886 2102 1034 2182 λεγόμενοι.
1051 2104 1124 2161 Πετά
1139 2102 1264 2160 δὲταῦτα
1278 2103 1359 2160 πάλιν
1375 2103 1486 2181 ὕστερον

365 2205 415 2269 τῆς
433 2195 565 2270 ἀληθινῆς
583 2199 730 2279 ῥητορικῆς
745 2199 892 2276 μέμνηται,
909 2202 1080 2281 πανταχόθεν
1095 2197 1180 2269 δεῖξαι
1193 2203 1224 2259 τδ
1238 2202 1336 2282 κρότος
1350 2209 1402 2274 τῆς
1418 2197 1486 2272 ἀλη-

304 2295 335 2347 15
367 2298 429 2360 θοάς
440 2296 584 2376 ῥητορικῆς
598 2295 774 2374 βουλόμενος.
788 2304 841 2354 Νῦν
854 2297 900 2355 οὖν
913 2298 1000 2378 ἐρωτᾷ
1013 2299 1045 2356 τί
1059 2303 1123 2381 χρῆ
1138 2300 1252 2358 καλεῖν
1267 2300 1317 2368 τὴν
1328 2299 1483 2378 ῥητορικήν·

368 2396 406 2470 μῆ
422 2392 473 2474 ἄρα
488 2394 616 2470 ἐντούτῳ
628 2395 701 2453 ιτῖισά
715 2395 786 2453 ἐστιν
800 2399 818 2467 ή
830 2397 915 2479 τέχνη
928 2405 978 2468 τῆς
990 2397 1136 2477 ῥητορικῆς
1148 2398 1176 2455 ἐν
1188 2403 1224 2477 τῷ
1238 2397 1384 2454 ἐκτίθεσθαι
1396 2395 1485 2477 προοί-

368 2513 427 2570 μια,
444 2491 585 2570 διηγήσεις
599 2495 644 2550 καί
660 2493 746 2552 πάντα
761 2493 1009 2575 ἀκαταριθμεῖται;

408 2645 462 2726 ρίηζ
488 2649 587 2728 ΣοφοῖΙ
610 2647 667 2722 μὲν
690 2647 800 2730 αὐτοί]
822 2649 881 2707 266
904 2648 939 2708 C.

409 2777 511 2860 Σοφοίις
529 2777 609 2836 καλεῖ
627 2779 645 2849 ή
666 2777 694 2836 ἰν
713 2777 785 2856 ἤθει,
801 2779 819 2851 ii
840 2781 879 2845 ὡς
898 2782 958 2859 περὶ
978 2781 1078 2859 λόγους
1098 2778 1211 2861 ἔχοντας
1225 2781 1270 2837 καὶ
1288 2780 1486 2862 ἐκπεφευγότας

305 2883 337 2935 2⁰
367 2877 415 2942 τάς
433 2877 581 2954 βαναύσους
594 2877 705 2958 τέχνας,
722 2878 740 2948 ή
757 2879 795 2943 ὡς
811 2877 996 2954 ἐπιστήμονας
1010 2879 1123 2960 τέχνης.
1140 2914 1179 2922 -
1192 2878 1227 2936 Τὸ
1241 2876 1269 2935 δέ
1282 2877 1487 2960 δωροφορεῖν

367 2969 510 3032 διαθάλλει
533 2974 621 3031 αὐτῶν
642 2976 672 3030 τὸ
695 2972 918 3057 φιλοχρήματον,
944 2975 986 3033 ὅτι
1007 2977 1054 3041 τάς
1079 2973 1224 3044 ἐπιδείξεις
1245 2981 1301 3032 τῶν
1325 2975 1418 3054 λόγων
1439 2973 1487 3031 οὐκ

367 3071 504 3155 ὠφελείας
522 3079 578 3130 τῶν
598 3072 665 3130 νὲων
680 3071 742 3131 οὐδέ
756 3082 807 3146 τῆς
821 3072 954 3146 ἀληθείας
968 3073 1058 3148 ἕνεκά,
1075 3073 1142 3132 ἀλλά
1154 3075 1307 3155 χρημάτων
1320 3073 1486 3152 minima}

262 3229 353 3282 reiv·
409 3221 482 3303 ρλγιί.
503 3222 679 3281 Βασιλικοὶ
703 3224 761 3298 μέν
783 3221 909 3315 ἄνδρες]
932 3224 991 3281 266
1014 3221 1049 3282 C.

407 3363 443 3421 ”fl
464 3364 506 3421 ότι
527 3367 553 3423 οἰ
575 3361 657 3422 ἄλλοι
677 3365 776 3430 πάντες
797 3363 939 3445 ἐπέχουσιν
961 3367 1062 3424 έαυτιῖιν
1083 3366 1115 3423 τά
1135 3363 1202 3439 ὦτα,
1219 3365 1256 3423 ’ἶν’
1277 3365 1411 3422 ἀκούσωσι
1432 3369 1487 3421 τῶν

369 3557 397 3616 δέ
411 3559 627 3637 ἐπιστήμονές
641 3583 677 3639 γε
692 3563 735 3618 ὧν
751 3561 885 3640 ἐρωτᾷς·
901 3570 951 3634 τῆς
963 3561 1135 3636 διαλεκτικῆς
1149 3561 1232 3640 λέγει.
1246 3562 1281 3619 Τὸ
1294 3560 1323 3618 δὲ
1334 3565 1414 3617 τοῦτο
1428 3558 1486 3633 μέν·

369 3679 384 3712 ιι
399 3657 433 3714 τά
452 3657 503 3738 γάρ
526 3657 666 3738 εἰρημένα,
688 3660 765 3740 φησί,
787 3659 818 3716 τδ
840 3661 985 3738 όριστικὸν,
1005 3661 1036 3716 τὸ
1059 3659 1229 3739 διαιρετικὸν,
1250 3658 1281 3715 τὸ
1303 3656 1417 3730 ἀληθές,
1440 3655 1489 3713 οὐκ

369 3755 434 3812 εἰσὶν
447 3753 505 3812 ίδια
518 3765 569 3828 τῆς
587 3757 745 3837 ῥητορικῆς,
765 3755 832 3814 όλλά
851 3765 901 3829 τῆς
922 3755 1100 3829 διαλεκτικῆς·
1123 3756 1163 3814 διδ
1183 3757 1232 3814 οὐκ
1252 3755 1368 3832 εἴπομέν
1386 3777 1411 3812 τι
1429 3756 1489 3834 περὶ

368 3853 524 3934 ῥητορικῆς.
544 3878 559 3910 ν

398 4034 412 4082 1
430 4031 504 4085 Ρόιίί.
519 4033 551 4084 16
565 4033 586 4084 C
649 4033 777 4102 Πολιτικῷ
792 4033 858 4096 (vid.
872 4034 930 4096 Nc)
947 4033 1010 4084 ίοτί.
1025 4032 1105 4084 2740
1168 4033 1182 4082 ³
1198 4031 1284 4098 soph.
1297 4033 1345 4084 235
1358 4031 1381 4081 Β

400 4149 447 4200 Nc
464 4152 476 4201 1
493 4151 619 4219 Πολιτικῷ
634 4151 730 4216 scripsi
741 4164 806 4202 cum
822 4151 890 4202 nihii
906 4151 941 4203 de
964 4151 1127 4203 Prometheo
1144 4151 1173 4201 in
1190 4149 1266 4200 libris
1286 4148 1320 4200 de
1336 4147 1489 4214 Republica

368 4221 522 4272 invenerim
545 4235 550 4270 :
573 4222 692 4293 Πολιτείᾳ
713 4223 775 4272 libri
838 4225 916 4286 θεῆς
937 4236 991 4273 om.
1015 4224 1043 4272 M
1108 4223 1179 4280 5εῑς
1202 4221 1275 4271 rubr.
1296 4223 1320 4272 Α
1385 4221 1489 4271 9ῑδεῶν

369 4295 447 4340 Asi:
463 4293 536 4342 εἰδῶν
551 4290 613 4342 libri
675 4293 707 4343 10
722 4297 806 4354 τανῦν,
820 4312 833 4344 τ
846 4293 920 4343 rubr.
936 4298 960 4343 Α
976 4293 1016 4355 (τά
1029 4295 1073 4344 νῦν
1088 4293 1115 4345 ii
1130 4291 1198 4342 Plat.
1216 4291 1278 4342 cod.
1295 4291 1338 4342 T:
1358 4291 1389 4342 τά
1404 4290 1430 4342 δέ
1445 4293 1489 4340 νῦν

368 4362 429 4412 cod.
448 4361 479 4425 Bi
543 4363 574 4413 16
590 4365 641 4415 ίστι
660 4370 731 4416 πᾶσα
748 4364 778 4414 Μ
841 4363 871 4414 18
888 4367 970 4430 σοφοί,
987 4383 1018 4415 σο
1033 4363 1106 4414 rubr.
1121 4368 1145 4413 Α
1211 4363 1253 4428 μέν
1270 4363 1297 4412 Μ
1314 4362 1403 4412 Pras:
1421 4361 1487 4426 μίΑ

431 4433 462 4483 19
478 4434 538 4486 tori.
560 4434 576 4498 ἢ
596 4437 640 4486 καί
664 4441 698 4493 ὡς
721 4439 744 4485 Α
815 4435 846 4485 22
867 4437 940 4486 ἕνεκα
960 4435 1025 4486 ἀλλὰ
1045 4435 1164 4498 scripsi:
1185 4435 1251 4486 ἀλλὰ
1271 4435 1344 4486 ἕνεκα
1364 4433 1427 4482 libri

368 4505 399 4556 23
418 4508 552 4572 βασιλικοί,
568 4509 582 4572 β
598 4507 671 4557 rubr.
687 4510 711 4556 A
774 4505 805 4556 25
822 4503 866 4570 ὡς]
882 4505 919 4557 ὅτι
932 4509 968 4556 A·
1029 4505 1061 4558 26
1076 4507 1123 4558 οὐκ
1135 4509 1200 4556 ante
1212 4503 1374 4569 έπιστήμονες
1386 4502 1491 4554 addidit

370 4588 487 4639 usupra
505 4590 616 4628 versum
679 4581 752 4629 τοῦτο
769 4575 821 4642 μέν]
838 4577 969 4645 ῥητορικὸν
986 4576 1038 4627 EM
1103 4575 1135 4626 28
1152 4577 1190 4627 διδ
1205 4574 1263 4640 ουίι]
1283 4575 1324 4626 διά
1340 4577 1414 4626 τοῦτο
1431 4577 1487 4624 A2:

370 4653 430 4711 posi
443 4647 574 4713 ῥητορικῆς
588 4648 677 4711 prima
691 4661 790 4698 manus
805 4647 904 4699 iterum
922 4649 1067 4712 soripserai
1081 4648 1119 4699 διδ
1136 4649 1170 4708 (δι
1185 4647 1271 4700 rubri
1286 4644 1332 4696 οὐκ
1350 4647 1452 4708 εἴπομέν
1465 4664 1489 4695 τι

370 4719 425 4784 περὶ
442 4736 464 4785 ρ,
479 4725 507 4767 ei
522 4717 627 4770 delevit
