3538 5686
434 615 465 666 34
815 599 955 654 ermol·
976 599 1171 652 ΦΙΛΟΣΟΦΟΥ

349 765 399 834 [70]
431 753 532 836 ἔρωτα,
549 757 595 812 τὸν
611 755 660 829 μέν
674 753 792 822 άστεῖον,
810 751 857 809 τὸν
871 751 900 808 δέ
912 750 1051 833 φαῦλον...
1070 749 1226 826 Ἐπιθυμίαν
1243 751 1289 810 καὶ
1309 751 1395 833 ὄρεξιν
1410 755 1547 817 συνουσίας

429 855 498 914 κατά
512 853 558 912 τὸν
576 850 727 910 Παυσανίαν
741 850 846 907 καὶτὸν
861 849 1000 929 τραγῳδὸν
1013 850 1060 906 τὸν
1076 849 1198 907 εἰπόντα·

705 989 799 1048 δισσά
819 989 993 1066 πνεόματα
1017 998 1129 1064 πνεῖς,
1153 991 1272 1071 Ἔρως.

469 1146 658 1229 Ἀριστοτέλης
683 1143 711 1204 δε
732 1146 802 1218 όλης
827 1147 876 1222 μέν
900 1153 950 1218 τῆς
975 1151 1064 1228 ψυχῆς
1087 1169 1153 1228 φησι
1178 1147 1224 1204 τόν
1247 1145 1336 1226 ἔρωτα
1359 1147 1443 1212 πάθος
1468 1147 1548 1221 εῖναι,

382 1257 396 1308 5
428 1245 478 1304 κάν
500 1247 550 1320 μἐν
573 1247 587 1301 ὁ
614 1242 748 1322 λογισμὸς
771 1244 906 1323 κρατήσῃ,
935 1243 1028 1324 φιλίας
1054 1243 1136 1301 αὑτὸν
1162 1244 1242 1314 είναι,
1270 1243 1316 1302 ἐὰν
1343 1243 1372 1302 δέ
1396 1245 1427 1302 τδ
1452 1245 1549 1318 πάθος,

427 1343 579 1408 συνουσίας.
596 1343 659 1422 Περί
673 1340 701 1400 δέ
715 1349 765 1412 τῆς
780 1341 928 1406 Πλάτωνος
942 1341 1058 1420 γνώμης
1075 1339 1189 1417 είπομεν
1206 1342 1350 1422 πρότερον.
1363 1342 1392 1401 '0
1403 1340 1436 1414 δὴ
1450 1342 1549 1408 Λυσίας

427 1449 473 1501 νῦν
487 1447 542 1500 τῶν
557 1439 669 1522 φαώλων
685 1462 711 1496 τι
725 1439 772 1496 τόν
786 1435 875 1518 ἔρωτα
890 1439 984 1504 άπλώς
1001 1439 1104 1498 τίθεται
1124 1442 1169 1497 καὶ
1191 1438 1234 1497 διά
1253 1445 1334 1498 τοῦτο
1352 1446 1407 1498 τῶν
1428 1441 1550 1522 ἐρώντων

425 1542 597 1622 κατατρέχει,
619 1539 728 1620 φάσκων
750 1537 848 1603 αὑτοὺς
868 1537 896 1596 έν
915 1544 992 1612 κακῷ
1008 1539 1078 1596 εἶναι
1096 1539 1142 1596 καί
1161 1537 1217 1596 δεῖν
1238 1538 1328 1596 αὖτΐον
1341 1541 1391 1611 τὴν
1410 1539 1551 1597 κοινωνίαν

426 1639 619 1720 φυλάσσεσθαι,
639 1633 748 1712 μᾶλλον
768 1633 797 1692 δέ
815 1635 1064 1718 προσεταιρίζεσθαι
1083 1637 1144 1702 τοῦς
1166 1637 1204 1712 μή
1225 1637 1354 1716 ἐρῶντας,
1373 1635 1400 1693 Ὀ
1424 1635 1454 1693 δέ
1468 1637 1551 1715 λόγος

323 1750 350 1800 α’
366 1747 397 1800 10
429 1737 503 1810 αὐτῷ
520 1734 564 1794 διά
581 1733 668 1792 τῶνδε
685 1739 740 1790 τῶν
759 1733 980 1814 ἐπιχειρημάτων
998 1735 1116 1814 πρόεισι,
1138 1741 1251 1814 Πρῶτον
1272 1735 1321 1810 μέν
1340 1737 1392 1816 γάρ
1414 1732 1489 1813 λέγει
1512 1733 1552 1791 ότι

430 1829 614 1913 μεταμέλει
641 1837 697 1894 τοῖς
725 1830 872 1910 έρασθεῖσιν
896 1833 935 1888 ὧν
959 1830 988 1889 εὖ
1014 1831 1144 1905 ἐποίησαν
1164 1833 1212 1888 τὸν
1236 1831 1386 1912 δρώμενον,
1416 1829 1551 1889 ἐπειδάν

323 1947 349 2012 β’
427 1932 615 1992 παύσωνται
632 1935 689 1998 τῆς
704 1927 894 2003 ἐπιθυμίας.
917 1929 1044 2009 Δεότερον
1059 1930 1101 1986 ότι
1115 1930 1177 1995 τοὺς
1192 1930 1312 1994 πόνους
1334 1927 1550 2007 ὑπολογίζον-

427 2053 479 2088 ται
494 2029 540 2092 οὓς
557 2023 637 2108 ἔσχον
653 2025 679 2082 έν
695 2031 734 2100 τῷ
749 2025 812 2104 έρίν
826 2027 871 2081 καὶ
886 2025 936 2082 όσα
950 2025 1094 2102 ἠμέλησαν
1109 2033 1174 2084 τῶν
1190 2027 1342 2084 οίκείων·
1363 2027 1409 2084 καί
1426 2025 1470 2083 διά
1488 2026 1550 2083 τοό-

428 2149 482 2184 των
505 2129 668 2204 ἡγοῦνται
691 2128 748 2186 τοῖς
771 2121 952 2201 ἐρωμένοις
975 2126 1074 2189 ἱκανῶς
1099 2123 1348 2182 ἀποδεδωκέναι
1372 2125 1430 2194 τὴν
1459 2121 1551 2189 ἀξίαν

322 2241 347 2308 φ’
366 2238 394 2292 1⁵
427 2225 614 2304 <χάριν>.
635 2221 730 2300 Τρίτον
746 2219 786 2277 ὅτι
804 2218 929 2298 λέγοντες
946 2222 992 2286 οὓς
1008 2221 1089 2302 ἐρῶσι
1103 2222 1192 2303 φιλεῖν
1209 2223 1274 2303 ὑπέρ
1292 2223 1402 2296 πάντας,
1422 2219 1552 2293 δηλονότι

427 2323 490 2388 τοὺς
510 2320 642 2402 πρότερον
661 2319 822 2398 γενομένους
841 2317 1000 2400 έρωμένους,
1018 2326 1110 2384 κακῶς
1130 2319 1300 2393 διαθήσουσιν
1318 2320 1415 2385 αὐτοὺς
1431 2317 1474 2376 διὰ
1489 2319 1552 2382 τοὺς

323 2429 346 2480 θ’
429 2422 575 2499 ὕστερον.
591 2418 720 2498 Τέταρτον
736 2417 777 2474 ότι
792 2418 1003 2498 ὁμολογοῦσι
1018 2421 1062 2475 καὶ
1078 2420 1171 2476 αὐτοὶ
1186 2425 1297 2478 νοσεῖν
1309 2420 1355 2476 καί
1374 2420 1413 2494 μὴ
1431 2439 1552 2500 σωφρο·

323 2527 345 2578 ι’
430 2527 507 2580 νεῖν.
538 2519 662 2592 ΙΙέμπτον
685 2515 738 2588 ότι,
763 2516 787 2573 εί
809 2517 872 2579 τοὺς
893 2514 1123 2596 ἐπιτηδειοτέρους
1143 2519 1211 2597 πρός
1232 2516 1325 2600 φιλίαν
1344 2514 1386 2574 δεῖ
1408 2518 1551 2596 αίρεῖσθαι,

431 2617 459 2676 ίκ
474 2621 528 2674 τών
545 2615 583 2690 μή
599 2613 723 2694 ἐρώντων
740 2613 923 2694 εόμαρεστέρα
942 2617 960 2685 1,
980 2613 1082 2692 έκλογι]
1100 2615 1235 2673 πλειόνων
1257 2613 1352 2688 ὄντων,
1372 2612 1554 2694 χαλεπωτέρα

325 2729 401 2786 ζ’ίί)
433 2715 461 2776 δέ
486 2715 519 2774 ίκ
541 2719 603 2771 τών
629 2711 794 2791 έρώντων·
820 2710 982 2792 όλιγώτεροι
1005 2714 1067 2792 γάρ.
1090 2713 1186 2771 Ἕκτον
1209 2715 1331 2786 <ότι>
1351 2715 1402 2783 τὴν
1423 2711 1554 2793 αίσχόνην

432 2811 552 2878 δεδιότας
571 2811 625 2892 χρὴ
648 2811 828 2891 φυλάσσεσθαι
842 2811 918 2874 τοὺς
934 2810 1091 2890 ἐρῶντας·
1113 2810 1324 2881 ἀλαζονεύονται
1339 2812 1389 2892 γὰρ
1404 2811 1472 2891 πρὸς
1487 2809 1551 2874 τοὺς

326 2921 347 2982 ς’
435 2909 545 2982 άλλους,
563 2907 710 2974 δεικνύντες
727 2907 767 2964 ότι
782 2907 814 2966 οθ
830 2909 919 2983 μάτην
935 2907 1078 2981 ἐπόνησαν.
1097 2905 1235 2985 Ἓόδομον
1250 2910 1292 2968 ότι
1306 2911 1350 2967 καί
1364 2910 1555 2988 προστάττουσι

434 3013 466 3072 τά
486 3013 597 3068 τοιαῦτα
614 3007 684 3064 ώστε
706 3007 744 3068 εἷς
764 3007 879 3082 ὑποψίαν
892 3012 951 3070 τοῖς
968 3003 1066 3073 ἔξωθεν
1082 3007 1231 3090 ἀφικέσθαι,
1248 3009 1290 3066 ότι
1304 3009 1449 3087 γεγένηται
1462 3005 1554 3068 αὐτοῖς

328 3123 350 3190 η’
435 3109 452 3184 ί]
475 3105 571 3186 μέλλει
587 3105 781 3186 πληρώσεσθαι
800 3107 818 3176 ἡ
840 3103 977 3178 ἐπιθυμία.
994 3103 1108 3183 Ὄγδοον
1124 3106 1165 3163 ότι
1179 3113 1233 3165 τῶν
1249 3108 1329 3187 πρὸς
1342 3105 1418 3170 τους
1432 3102 1555 3168 ἄλλους

326 3225 349 3276 θ’
372 3223 401 3276 00
435 3204 657 3288 άπυτρίπουσι
675 3208 833 3274 συνουσιῶν,
852 3201 1003 3267 δεδοικότες
1024 3205 1062 3278 μή
1083 3203 1363 3284 παρευδοκιμηθῶσιν.
1380 3204 1494 3261 ’Ἐνατον
1514 3203 1555 3258 ότι

436 3309 461 3366 οί
483 3307 521 3384 μί,
542 3305 598 3362 τὸν
617 3303 737 3384 τρόπον
756 3301 877 3382 γνόντες,
899 3300 972 3360 ἀλλά
991 3301 1218 3378 τοῦσώματος
1238 3303 1461 3378 έπιθυμησαντις,
1484 3301 1555 3358 ἀντι-

329 3421 347 3474 ,·
435 3411 573 3466 ποιοῦνται
597 3407 651 3460 τὼν
669 3397 813 3458 παιδικῶν·
838 3399 878 3456 διὸ
905 3400 1026 3482 εὐχερεῖς
1053 3400 1090 3464 εἷς
1115 3397 1285 3476 μεταόολήν.
1311 3401 1425 3458 Δέκατον
1448 3401 1488 3458 ότι
1510 3401 1557 3456 καὶ

467 3631 481 3684 0
498 3625 608 3679 (lone-io.
622 3625 667 3676 180
681 3637 740 3688 sqq.
804 3621 818 3672 3
836 3621 957 3684 ΝκυοιΟ,
973 3621 1005 3671 tr.
1019 3627 1086 3688 trag.
1099 3623 1190 3684 σείετο.
1203 3622 1248 3674 187
1311 3624 1326 3672 1
1340 3621 1368 3672 in
1381 3617 1552 3671 Εέίι.1ι“υι1,1

436 3703 470 3752 οί.
490 3699 560 3762 11101,
577 3695 639 3750 1044
704 3694 734 3744 10
749 3693 809 3743 hmo
825 3693 919 3744 omnia
935 3705 970 3741 ex
988 3693 1079 3752 [ναίω
1096 3695 1219 3744 oratione
1238 3692 1365 3743 defluunt
1385 3691 1491 3742 231-234

436 3772 467 3827 1⁰
483 3789 580 3840 πρώιον
596 3795 624 3806 -
639 3767 678 3824 ³5,
691 3765 723 3814 12
739 3765 844 3815 ίίλίτων
860 3785 887 3806 =
903 3763 987 3815 schol.
1004 3763 1051 3814 220
1065 3763 1087 3813 E
1102 3769 1135 3828 (ρ.
1152 3763 1199 3814 104
1215 3761 1320 3826 Herm.)

470 3905 515 3958 Nc
533 3905 544 3956 1
563 3906 623 3968 μοι]
639 3901 731 3964 φαῦλον
746 3897 846 3948 desunt
865 3897 993 3960 quaedam
1056 3899 1186 3958 ἐπιθυμίαν
1208 3895 1234 3947 δέ
1251 3897 1293 3944 καί
1313 3893 1342 3944 Μ
1406 3893 1490 3958 όρὲν
1506 3891 1554 3942 vix

439 3977 492 4042 ίσςί
511 3979 597 4042 potent
613 3971 640 4021 ίο
655 3973 677 4020 Α
741 3969 756 4018 6
772 3968 861 4032 potius
875 3966 973 4034 γνώγης
987 3966 1087 4032 legeris
1101 3965 1130 4016 in
1145 3969 1179 4027 Α,
1197 3966 1234 4016 ita
1247 3977 1389 4029 perperam
1403 3963 1520 4015 ίίιιοιτιιο
1537 3982 1554 4028 μ

437 4045 581 4112 ασκοιίριίι
591 4043 716 4096 librarius
730 4041 814 4105 (quod
828 4052 855 4092 σι
869 4040 930 4090 eliis
944 4039 1012 4090 loeis
1026 4037 1135 4100 αοοίςίίι]
1200 4035 1312 4101 errorem]
1328 4040 1437 4102 εἴπωμεν
1452 4039 1489 4084 ΑΙ

439 4123 469 4174 10
485 4117 549 4172 lude
563 4115 597 4167 ad
615 4117 634 4168 1.
649 4113 679 4166 27
695 4112 803 4163 numeri
822 4113 848 4162 α’
870 4113 927 4178 β’...
949 4111 967 4161 ι’
990 4109 1019 4159 in
1039 4110 1164 4174 margine
1179 4108 1278 4172 appleri
1293 4107 1321 4156 in
1337 4111 1360 4156 A
1424 4107 1474 4173 γὰρ
1497 4119 1552 4156 om.

440 4189 524 4244 κιιίιοί.
589 4187 635 4252 ότι]
656 4191 689 4243 ώς
708 4182 793 4234 schol.
856 4181 888 4232 12
904 4189 947 4246 τῆς
966 4183 1095 4244 ἐπιθυμίας
1115 4175 1260 4231 παύσωνται
1285 4177 1355 4228 Plat.
1420 4178 1450 4227 13
1471 4173 1558 4242 έσχον]

440 4263 461 4316 ι]
484 4283 511 4318 ον
528 4261 553 4312 Μ
619 4261 661 4310 καί
676 4257 712 4308 ότι
728 4256 907 4322 παρημέλησαν
923 4253 1009 4302 schol.
1073 4253 1104 4302 14
1120 4255 1211 4308 ίκανιῐνς
1222 4263 1277 4301 om.
1288 4249 1374 4300 schol.
1439 4247 1468 4296 15
1485 4245 1557 4314 χάριν

441 4283 533 4386 οιίίίίάί
553 4343 586 4384 ex
608 4329 678 4382 Ρίεί.
694 4325 730 4378 ol.
745 4326 785 4383 37,
799 4325 814 4374 6
878 4323 908 4374 16
925 4322 1055 4391 πρότερον]
1070 4324 1117 4388 πρὸ
1132 4325 1176 4372 τοῦ
1191 4321 1276 4372 schol.
1341 4321 1481 4386 ἐρωμένους
1502 4329 1559 4366 om.

443 4405 469 4456 M
538 4403 565 4456 17
579 4405 692 4468 τέταρτον
708 4399 728 4448 δ’
748 4397 784 4447 ότι
805 4397 832 4445 Μ
899 4395 929 4445 18
944 4394 1002 4452 τοὺς
1016 4392 1233 4460 ἐπιτηδειοτέρους]
1254 4393 1296 4450 τάς
1316 4392 1511 4456 ἐπιτηδειοτέρας
1530 4387 1557 4436 Μ

443 4477 506 4542 (jem
527 4479 682 4528 correxerat
697 4473 763 4530 Λετ]
828 4471 865 4519 δεῖ
881 4465 1013 4532 αἱρεῖσθαι]
1029 4467 1177 4532 διαιρεῖσθαι
1193 4465 1220 4514 Μ
1238 4479 1245 4513 :
1266 4461 1447 4514 necessariam
1463 4471 1559 4511 vocem

443 4553 479 4600 ίιί
502 4555 561 4614 port
585 4547 605 4598 ιί
629 4541 768 4595 inserebat
791 4542 847 4588 Αεϊ
910 4537 941 4588 20
963 4536 1000 4588 ὅτι
1024 4535 1115 4586 addidi
1178 4535 1207 4585 21
1226 4534 1387 4600 φνλάττεσθαι
1411 4531 1497 4584 schol.

443 4621 473 4672 28
494 4616 684 4686 προστάσσουσι
709 4613 736 4662 Μ
800 4611 831 4660 23
854 4607 974 4673 Ιὀποψίιιν]
994 4611 1101 4672 ἐποψίιιν
1121 4601 1149 4656 Μ
1169 4607 1234 4668 (jam
1257 4607 1411 4656 correxerat
1430 4605 1499 4664 Aer)

444 4697 493 4752 τοῖς
504 4703 558 4742 om.
568 4687 653 4742 schol.
716 4684 747 4734 24
759 4679 966 4748 πληρωθήσεσθαι
976 4679 1062 4730 schol.
1125 4679 1156 4730 25
1171 4673 1322 4740 συνουσιῶν]
1334 4677 1447 4737 συνηθῶν
1458 4671 1558 4724 schola

446 4765 580 4826 σννηίιιων
593 4757 736 4812 Hermen
753 4753 834 4815 (Ρίοι.
850 4750 887 4802 111
901 4755 994 4813 xxxn)
1057 4751 1157 4802 ἐ’ννιττν
1169 4749 1196 4798 Μ
1210 4747 1294 4800 schol.
