3538 5686
651 1287 979 1375 PRAEFATIO

302 1893 394 1959 Cum
416 1889 550 1958 Paulus
566 1889 767 1970 Couvreur,
787 1887 983 1956 admodum
1001 1888 1230 1970 adulescenS,
1249 1887 1377 1956 acerba

259 2019 376 2076 morte
408 2007 581 2098 abreptus
608 2017 679 2090 est,
708 2005 753 2072 de
783 2004 915 2074 litteris
943 2008 1082 2077 Graecis
1109 2001 1378 2098 Platonicisque

260 2125 393 2220 studiis
410 2129 483 2217 jam
504 2126 598 2194 bene
619 2125 772 2194 meritus
792 2137 869 2194 erat
893 2137 929 2194 et
952 2127 988 2194 in
1013 2127 1050 2193 id
1076 2137 1151 2194 toto
1177 2097 1302 2193 animd
1322 2125 1380 2192 in-

262 2243 456 2312 cumbebat
476 2255 515 2310 ut
539 2243 635 2312 hunc
660 2244 817 2312 Hermiae
846 2243 890 2311 de
919 2242 1078 2310 Platonis
1107 2241 1261 2310 thdro
1283 2266 1381 2309 com-

262 2360 479 2428 mentarium
499 2359 636 2452 publici
651 2360 746 2450 juris
766 2359 913 2428 faceret.
935 2361 1014 2425 Non
1036 2357 1144 2426 modo
1166 2360 1263 2426 enim
1279 2357 1382 2425 codi-

264 2499 344 2544 cem
365 2475 569 2543 Parisinum
587 2477 673 2543 1810
688 2474 731 2542 ab
747 2476 851 2543 Astio
868 2473 1076 2566 neglectum
1099 2473 1381 2566 diligentissime

264 2605 480 2660 excusserat
499 2605 535 2660 et
557 2617 668 2661 novas
690 2593 867 2660 lectiones
888 2594 1154 2684 excogitaverat
1177 2592 1220 2660 sd
1246 2605 1382 2660 textum

265 2710 549 2790 emendandum,
581 2711 647 2778 sed
676 2733 758 2776 cum
786 2711 907 2777 omnia
936 2709 1012 2776 haec
1041 2711 1076 2776 in
1107 2711 1257 2776 formam
1278 2709 1383 2776 redc-

265 2827 384 2918 gisset
417 2838 452 2894 et
486 2826 619 2893 librum
650 2825 796 2917 proprio
828 2849 936 2893 manu
970 2825 1264 2916 conscripsisset,
1294 2823 1384 2890 nihil

267 2943 417 3011 obstare
437 2941 630 3010 videbatur
649 2941 737 3033 quin
760 2965 852 3032 opus
874 2943 950 3033 jam
966 2944 1041 3010 lere
1058 2941 1265 3009 absolutum
1290 2940 1385 3031 typis

269 3062 523 3130 excudendum
552 3061 770 3129 traderetur.

317 3177 386 3244 Sed
408 3175 478 3242 diis
502 3175 608 3244 aliter
631 3177 762 3258 visum,
790 3199 857 3242 nec
882 3174 992 3242 Paulo
1018 3175 1208 3243 Couvreur·
1234 3171 1388 3263 contigit

270 3315 448 3360 summanr
474 3293 576 3383 operi
602 3293 793 3384 imponere
819 3315 977 3360 manum.
1006 3295 1089 3382 lpse
1115 3301 1234 3356 autem
1265 3290 1387 3380 provi-

270 3407 373 3474 derat
397 3431 442 3473 ne
466 3419 586 3474 tantus
607 3406 710 3475 labor
727 3408 763 3473 in
785 3431 915 3474 vanum
934 3405 1090 3486 coderet,
1117 3416 1164 3489 et,
1189 3428 1270 3472 uum
1294 3429 1386 3496 pone

271 3523 445 3590 deficeret
474 3525 708 3604 exanimatus
741 3525 956 3616 propinquis
986 3525 1063 3590 suis
1095 3534 1318 3614 prmcopcrat
1352 3534 1390 3588 ut

271 3639 372 3728 quod
399 3639 569 3705 infectum
599 3639 822 3732 relinqueret
844 3639 932 3707 mihi
955 3639 1221 3708 conliciendum
1245 3640 1390 3706 monda-

273 3768 386 3824 retur.
418 3758 532 3844 Quam
565 3747 790 3849 provinciam
826 3783 870 3825 ne
906 3757 1127 3842 desererem,
1162 3781 1241 3825 cum
1276 3759 1390 3849 pietus

273 3896 360 3964 ergo
381 3873 593 3952 defunctum
605 3875 772 3956 amicum,
786 3886 862 3942 tum
884 3877 1057 3942 memorio
1078 3874 1280 3942 ciliciorum
1309 3897 1389 3965 quse

274 3991 395 4057 animo
412 4013 558 4081 semper
573 4004 695 4083 parato
712 3993 747 4058 in
765 4016 822 4060 me
839 3992 1053 4077 contulerat,
1071 3993 1283 4064 suadebant.
1300 3995 1393 4058 Tan·

274 4117 347 4172 tam
368 4107 465 4173 enim
481 4119 557 4174 erat
576 4109 825 4177 auctoritatem
847 4122 1170 4190 consecrrtu5,tan1
1191 4121 1294 4178 acuto
1318 4121 1394 4176 orat

278 4227 452 4316 praeditus
477 4226 627 4318 ingenio
653 4239 797 4319 tamque
820 4230 916 4296 varis
940 4229 1145 4298 eruditione
1169 4227 1331 4298 imbutus
1357 4239 1396 4296 ut

277 4341 373 4410 haud
389 4365 470 4409 raro
491 4341 535 4409 ad
550 4365 633 4409 eum
648 4343 898 4436 confugerem,
922 4369 995 4412 non
1011 4357 1180 4436 tanquam
1197 4345 1335 4412 amicus
1351 4345 1396 4412 ad

279 4457 483 4526 studiorum
513 4458 690 4542 sodalem,
721 4461 787 4528 sed
816 4460 919 4552 quasi
956 4461 1159 4552 discipulus
1189 4461 1232 4528 ad
1264 4463 1397 4552 magis-

279 4585 386 4644 trum.
417 4577 474 4656 Et,
505 4599 586 4642 cum
614 4573 653 4644 se
682 4576 917 4669 philologieis
945 4578 1149 4670 disciplinis
1179 4580 1286 4672 paulo
1317 4593 1398 4649 onte

281 4695 445 4764 dedisset
472 4719 579 4788 quam
610 4721 671 4765 eas
700 4699 779 4789 ipse
808 4697 866 4766 vel
896 4697 1026 4767 leviter
1055 4699 1273 4792 attigissem,
1301 4724 1399 4792 saepe

281 4813 369 4880 mihi
387 4813 473 4905 quid
494 4813 566 4881 sibi
585 4813 722 4883 vellent
742 4827 778 4884 et
797 4838 963 4906 quaenam
984 4805 1083 4884 esset
1103 4839 1229 4885 eorum
1249 4813 1397 4893 utilitas,

1264 4947 1279 4978 tl
