3538 5686
678 751 923 800 PROLEGOMENA
1318 771 1362 804 ιιι

242 915 420 974 indicandis
461 915 601 974 codicum
630 914 857 974 Platonicorum
898 915 993 974 variis
1026 915 1211 974 lectionibus
1253 915 1361 974 iisdem

242 1023 355 1081 litteris
371 1041 460 1082 usum
477 1042 546 1081 esse
562 1021 675 1101 quibus
690 1021 827 1080 Senmz.

285 1129 331 1188 De
348 1132 442 1189 rebus
457 1129 707 1210 orthographicis
722 1149 876 1209 perpauca
890 1130 1044 1199 adnotavi,
1058 1130 1096 1188 de
1112 1153 1125 1194 ς
1140 1129 1171 1187 in
1186 1149 1261 1188 voce
1274 1129 1362 1193 οὕτως

240 1237 289 1295 vel
318 1237 356 1296 de
380 1259 393 1292 ν
417 1236 501 1314 quod
527 1234 641 1295 dicitur
663 1235 895 1315 ephelcysticon
920 1235 1024 1295 addito
1056 1235 1105 1294 vel
1129 1235 1246 1294 omisso
1268 1234 1359 1294 nibil:

240 1343 425 1422 pierumque
437 1343 468 1400 in
480 1342 518 1400 iis
534 1341 670 1401 codicem
687 1340 850 1401 Asecutus
862 1363 940 1400 sum.
967 1377 1006 1388 -
1032 1340 1191 1402 Admoneo
1208 1342 1361 1402 innostro

240 1449 348 1508 codice
368 1473 375 1505 ι
392 1462 506 1508 mutum
523 1469 677 1526 nunquam
703 1449 904 1527 adscriptum,
926 1468 1055 1528 perraro
1076 1449 1288 1528 subscriptum
1309 1449 1358 1508 in-

240 1555 351 1614 veniri.
366 1589 405 1599 -
420 1554 535 1612 Eorum
551 1575 618 1633 quae
634 1555 671 1612 ad
686 1567 843 1613 accentum
859 1556 1015 1634 pertinent
1026 1554 1223 1614 notabiliora¹
1241 1567 1357 1614 tantum

240 1665 373 1723 indicavi
391 1664 494 1742 (atque
510 1683 536 1722 e.
555 1683 585 1741 g.
603 1682 671 1721 cum
687 1662 714 1721 A
729 1683 853 1742 semper
868 1661 969 1728 ὁπαδός
991 1662 1136 1742 scripsi);
1156 1664 1187 1722 in
1207 1663 1360 1723 encliticis

239 1795 303 1832 non
319 1775 468 1847 codicem,
487 1774 541 1831 sed
562 1791 678 1830 morem
698 1786 823 1832 secutus
843 1794 921 1832 sum.
940 1809 976 1817 —
994 1773 1027 1832 In
1045 1776 1158 1846 Indice,
1172 1774 1359 1854 scriptorum

239 1880 327 1940 locos
344 1883 382 1938 ab
398 1879 523 1938 Hermia
538 1878 678 1936 laudatos
694 1879 849 1958 congessi.

271 2099 295 2144 1.
314 2097 423 2146 Leviora
443 2105 539 2152 tumen,
555 2095 666 2160 exempli
684 2097 781 2161 gratio,
802 2115 816 2145 u
834 2115 860 2162 p.
876 2099 905 2146 tt
928 2099 1057 2162 usquead
1072 2115 1098 2162 p.
1119 2099 1172 2156 163,
1192 2114 1223 2146 ex
1252 2098 1361 2146 adnoto·

240 2169 361 2218 tionibus
377 2185 443 2232 quus
464 2168 528 2216 mihi
544 2171 573 2216 Α.
589 2168 672 2216 Jacob
688 2169 913 2232 suppeditaverat,
927 2170 1068 2235 diiigenter
1081 2170 1170 2218 notuvi
1186 2171 1222 2231 (L.
1238 2170 1288 2230 Β.).
