3660 5686
510 625 541 680 56
890 613 1032 671 mmor
1053 613 1251 670 ΦΙΛΟΣΟΦΟΥ

426 781 476 848 [93]
509 779 565 830 Πᾶν
584 775 633 849 μἐν
653 772 701 830 οὖν
718 774 749 830 τό
772 771 912 848 δαιμόνιον
931 773 1010 852 γίνυς
1030 771 1202 854 εἴρηταικαὶ
1222 773 1284 853 παρ’
1301 773 1386 831 αὐτοῦ
1405 773 1433 830 ἐν
1454 759 1634 847 Συμποσίῳ

509 871 632 946 μεταξὺ
651 871 719 929 εἶναι
737 868 814 929 θεῶν
833 873 879 928 καῖ
898 871 1055 952 ἀνθρώπων,
1077 869 1326 952 διαπορθμειῖον
1343 873 1376 928 τά
1393 893 1423 929 τε
1443 871 1527 951 παρά
1543 867 1635 928 θεῶν

508 973 545 1036 είς
558 973 632 1046 ἡμεῖς
647 970 680 1027 τά
693 989 724 1028 ’τε
737 973 820 1046 ἡμῶν
838 968 1008 1050 άναγγίλλον
1028 976 1087 1036 τοῖς
1106 968 1215 1036 θεοῖς·
1236 969 1312 1049 γίνος
1334 968 1361 1027 δέ
1382 992 1408 1027 τι
1425 975 1481 1027 τῶν
1495 968 1635 1045 δαιμόνων

508 1069 579 1126 ἐστίν
594 1067 803 1149 όπεριδρόμενον
816 1072 898 1145 ἡμῶν
909 1075 1055 1152 προσιχὼς
1065 1071 1110 1126 καῖ
1121 1067 1280 1126 κατευθόνον
1290 1066 1405 1126 ἕκαστον
1417 1072 1434 1139 ί,
1439 1074 1511 1144 μῶν·
1524 1066 1636 1130 ἕκαστος

459 1177 474 1226 5
506 1168 557 1247 γάρ
580 1171 662 1242 ἡμῶν
685 1167 792 1232 πάντως
818 1168 869 1226 ίιπό
894 1189 953 1225 τινα
976 1166 1048 1226 τελεῖ
1071 1166 1187 1243 δαίμονα
1212 1169 1241 1232 ός
1262 1167 1353 1238 πάσης
1376 1169 1458 1242 ἡμῶν
1485 1174 1534 1238 τῆς
1559 1169 1633 1237 ζωῆς

506 1261 628 1344 ἐπάρχει·
646 1267 704 1322 οῖον
720 1265 751 1322 οό
766 1267 873 1322 πάντων
888 1271 944 1322 τῶν
957 1267 1018 1345 περὶ
1032 1269 1107 1341 ἡμᾶς
1125 1271 1287 1344 κρατοῦμεν,
1305 1263 1367 1322 οὔτε
1386 1265 1435 1344 γάρ
1454 1271 1505 1336 τῆς
1525 1261 1633 1320 τοιάσδε

505 1357 627 1440 πράξεως
647 1362 734 1441 κόριοί
755 1361 847 1437 ἐσμεν,
865 1366 924 1420 οῖον
942 1369 990 1420 τοῦ
1010 1371 1209 1442 στρατηγῆσαι,
1226 1362 1288 1421 οὔτε
1309 1365 1365 1438 μὴν
1383 1363 1466 1434 αὐτῆς
1481 1365 1563 1437 ημῶν
1583 1369 1633 1432 τῆς

505 1458 617 1538 φάσεως·
642 1460 664 1516 εί
687 1461 739 1539 γάρ
759 1458 851 1539 λέγοις
873 1461 915 1518 ότι
936 1463 951 1517 ό
972 1459 1051 1540 λόγος
1072 1461 1180 1519 πάντων
1201 1467 1257 1518 τῶν
1276 1463 1338 1541 περί
1357 1464 1431 1536 ἡμᾶς
1455 1466 1559 1540 κρατεῖ,
1585 1459 1634 1516 οὐκ

504 1555 673 1628 ἀληθεύσεις·
697 1556 761 1615 οὔτε
784 1559 836 1638 γάρ
861 1559 905 1616 ὅτε
931 1560 1096 1635 κοιμώμεθα
1120 1565 1174 1616 τιῖιν
1198 1557 1309 1616 τοιῶνδε
1334 1558 1532 1639 φαντασμάτων
1553 1557 1634 1632 ἐσμὲν

442 1667 472 1716 10
504 1655 603 1734 κύριοι,
625 1653 688 1712 οίιτε
707 1661 755 1713 τοῦ
775 1657 809 1713 τά
828 1657 900 1713 σιτία
919 1656 1033 1714 τυιωσδε
1051 1657 1069 1728 δ
1089 1655 1203 1715 τοιῶσδε
1217 1659 1363 1737 πεφθῆναι.
1384 1662 1430 1714 Δεῖ
1444 1653 1473 1713 δέ
1484 1676 1511 1712 τι
1525 1656 1634 1712 πάντων
1686 1651 1690 1660 “

503 1759 559 1810 τῶν
577 1754 639 1833 περὶ
658 1756 732 1828 ἡμᾶς
751 1755 780 1811 ἐν
799 1761 908 1836 κρατεῖν
928 1757 973 1812 καί
991 1751 1121 1834 κυόερνάν
1136 1757 1180 1812 καί
1198 1755 1368 1813 κατευθύνειν
1382 1761 1470 1812 πάσαν
1485 1757 1568 1828 ἡμῶν
1583 1756 1633 1824 τήν

505 1853 589 1924 ζωόν.
609 1852 637 1908 E}
651 1853 700 1927 μὶν
716 1851 763 1910 οὖν
779 1851 875 1932 λέγοις·
883 1853 926 1910 ότι
939 1853 1017 1918 οὗτός
1029 1853 1101 1911 ἐστιν
1116 1856 1130 1910 ό
1144 1850 1226 1926 θεὸς,
1239 1847 1410 1933 ἐξῃρημένον
1423 1835 1514 1909 αίτιον
1530 1849 1631 1930 λόγια,

505 1947 547 2005 δεῖ
564 1947 593 2005 δέ
608 1971 633 2005 τι
651 1951 786 2031 προσεχὲς
807 1954 890 2025 ἡμῶν
908 1951 997 2024 πάσης
1015 1959 1065 2022 τῆς
1086 1953 1159 2022 ζωῆς
1175 1951 1314 2032 ἐπάρχειν·
1331 1955 1412 2007 τοῦτο
1432 1947 1460 2007 δέ
1480 1948 1551 2005 ἐστιν
1566 1951 1581 2004 ό
1598 1949 1633 2005 τί-

503 2046 599 2128 ληχὼς
615 2052 690 2122 ἡμᾶς
709 2046 826 2124 δαίμων,
842 2051 873 2112 ὃς
895 2049 966 2124 μετά
980 2051 1030 2120 τὴν
1046 2048 1146 2128 αἵρεσιν
1159 2057 1208 2121 τῆς
1222 2052 1313 2130 ψυχῆς
1331 2047 1534 2127 ἀποκληροῡται
1550 2047 1631 2123 αὐτῇ,

442 2155 474 2206 15
507 2147 614 2203 πάντων
628 2151 683 2202 τῶν
698 2147 858 2226 αῖρεθίντων
873 2145 1088 2227 άποπληρωτής.
1102 2147 1204 2204 Τούτου
1218 2145 1265 2204 οὗν
1280 2153 1329 2204 τοιῖ
1344 2145 1476 2222 δαίμονος
1490 2145 1521 2202 αὖ
1536 2145 1635 2209 πάντες

503 2244 732 2301 συναισθάνονται·
756 2243 797 2302 δεῖ
815 2247 866 2325 γάρ
885 2242 997 2316 πολλὴν
1015 2245 1066 2314 τὴν
1084 2243 1294 2317 ἐπιτηδειότητα
1315 2245 1384 2302 είναι
1401 2245 1447 2300 καὶ
1467 2243 1634 2323 ἐπιστροφὴν

503 2348 550 2400 τοῦ
580 2339 767 2418 διοικουμένου
795 2345 864 2423 πρὸς
890 2343 920 2400 τό
944 2340 1075 2418 διοικοῡν,
1100 2343 1146 2400 ’ίνα
1168 2345 1213 2400 καί
1236 2343 1446 2414 συναισθάνηται
1470 2341 1554 2398 αὐτοῦ
1582 2349 1631 2412 τῆς

504 2440 684 2516 κηδεμονίας.
711 2439 813 2521 ’Ὥσπερ
842 2443 892 2520 γάρ
920 2441 1008 2498 πάντα
1033 2442 1080 2516 μὶν
1109 2448 1265 2520 προνοεῖται
1293 2441 1344 2498 ὑπὸ
1372 2438 1463 2512 θεῶν,
1488 2441 1520 2497 αθ
1545 2441 1633 2496 πάντα

505 2538 532 2596 δέ
553 2540 752 2596 συναισθάνεται
774 2544 821 2596 τοῦ
847 2539 888 2596 ότι
912 2545 1078 2619 προνοεῖται,
1102 2539 1125 2596 εί
1149 2541 1188 2614 μή
1214 2540 1246 2596 τά
1269 2540 1407 2620 πεφυκότα
1429 2541 1494 2618 όρῖιν
1517 2539 1562 2594 καί
1585 2559 1630 2594 κε-

415 2662 441 2712 p.
455 2646 489 2696 94
505 2639 670 2718 καθαρμὲνα,
694 2639 767 2695 οὕτω
790 2637 795 2717 Ι
817 2639 862 2693 καί
884 2637 927 2694 ἐπίΙ
950 2645 999 2708 τῆς
1020 2637 1174 2701 ἐπιστασίας
1196 2643 1243 2694 τοῦ
1268 2635 1410 2712 δαίμονος.
1436 2637 1540 2693 Γίνεται
1563 2633 1592 2692 δὲ
1613 2639 1630 2705 ῖ,

503 2733 691 2807 ἐπιτηδειότης
709 2737 787 2808 καὶὴ
809 2737 979 2808 συναίσθησις
1000 2741 1108 2814 πρῶτον
1130 2736 1179 2811 μἐν
1196 2735 1226 2792 ἐκ
1246 2741 1293 2792 τοῦ
1310 2737 1365 2805 ,τὴν
1381 2737 1474 2816 ψυχην
1493 2732 1631 2809 ἑλομένην

500 2833 565 2890 τάδε
586 2835 645 2890 τινά
670 2835 714 2889 καί
730 2832 978 2912 ,ἀποκληρωθεῖσαν
999 2831 1071 2908 τῷδε
1094 2839 1132 2907 τῷ
1154 2832 1264 2908 δαίμονι
1286 2833 1363 2898 εθθῦς
1387 2833 1543 2912 ἐπιπρέψαι
1566 2832 1632 2911 πρὸς

502 2931 584 2989 αὐτόν
607 2933 651 2988 καί
674 2931 757 2988 αὐτοῦ
778 2930 888 3013 ἔχεσθαι
909 2932 949 2988 ἀείΙ
971 2934 1151 3008 [κατιοῦσαν],
1173 2933 1217 2987 καὶ
1240 2933 1271 2988 τό
1293 2933 1442 3010 ἀναγκαῖον
1462 2929 1541 3006 πόμα
1562 2936 1632 2987 πιεῖν

502 3035 550 3087 τοῦ
574 3037 622 3101 τῆς
645 3032 739 3101 Λήθης
761 3029 855 3096 ὕδατος
876 3029 940 3086 θ’σον
961 3031 1064 3108 ἀνάγκη
1083 3037 1154 3087 πιεῖν
1175 3034 1319 3087 κατιοῦσαν
1341 3029 1380 3092 είς
1398 3030 1503 3108 γένεσιν
1525 3029 1565 3091 ὡς
1590 3029 1628 3102 μὴ

439 3139 470 3189 25
502 3127 590 3203 πάντη
620 3125 795 3198 ἐπιλελῆσθαι
823 3135 873 3198 τῆς
900 3133 948 3184 τοῦ
976 3126 1104 3202 δαίμονος
1132 3127 1236 3204 βουλῆς
1264 3129 1309 3183 καῖ
1334 3125 1499 3188 ἐπιστασίας.
1527 3125 1572 3180 Διό
1603 3125 1631 3180 αῖ

503 3229 624 3282 τοιαῦται
641 3226 726 3306 ψυχαί
744 3225 789 3280 καὶ
810 3223 922 3281 ἐνταῦθα
944 3226 1161 3282 συναισθάνονται
1180 3233 1230 3296 τῆς
1246 3231 1296 3282 τοῦ
1316 3222 1447 3298 δαίμονος
1465 3222 1630 3294 ἐπιστασίας,

504 3325 532 3380 αἱ
561 3321 590 3379 δέ
618 3321 702 3379 άλλαι
731 3325 816 3404 ψυχαί
842 3325 869 3378 αῖ
895 3324 1142 3403 καταμεμφόμεναι
1163 3325 1209 3379 τὸν
1238 3321 1367 3397 δαίμονα,
1394 3322 1432 3384 ὡς
1456 3322 1471 3376 ό
1497 3318 1631 3394 ἐλόμενος

503 3419 679 3501 τυραννίδα
701 3422 747 3477 καὶ
770 3419 898 3478 παίδων
924 3423 1078 3500 βρώσεις,
1108 3423 1146 3496 μή
1177 3421 1401 3500 ἐπιστρεφόμεναι
1420 3421 1488 3498 πρὸς
1509 3420 1556 3474 τὸν
1575 3417 1632 3474 δαί·

505 3541 586 3595 μονα,
607 3518 726 3582 ἀλλ’ὡς
751 3517 837 3598 άλογα
858 3519 999 3596 ἀγόμεναι,
1022 3522 1099 3576 αὗται
1125 3521 1248 3576 ἀσύνετοί
1269 3518 1320 3576 τίσι
1341 3519 1430 3594 πάντη
1453 3517 1498 3573 καὶ
1520 3516 1639 3575 ἐνταῦθα

442 3631 473 3679 30
505 3625 554 3688 τῆς
574 3623 622 3674 τοῦ
640 3615 779 3692 δαιμονίου
798 3617 967 3694 προστασίας.
984 3615 1033 3672 ’Ἐκ
1051 3638 1081 3673 τε
1101 3616 1147 3673 οὖν
1165 3623 1214 3672 τοῦ
1229 3617 1276 3680 τάς
1291 3615 1340 3690 μέν
1354 3613 1431 3677 εὐθὺς
1453 3614 1633 3693 ἐπεστράφθαι

505 3716 571 3794 πρὸς
588 3717 634 3771 τόν
648 3713 781 3794 εἰληχότα
794 3712 921 3788 δαίμονα,
935 3714 981 3778 τάς
995 3713 1023 3770 δέ
1039 3717 1090 3788 μη,
1105 3715 1209 3792 γίνεται
1224 3717 1242 3785 ά,
1256 3714 1424 3784 συναίσθησις
1439 3718 1486 3768 τοῦ
1502 3710 1634 3790 δαίμονος
1677 3703 1680 3708 ’

505 3812 522 3883 ἢ
539 3810 581 3882 οὕ,
595 3813 639 3867 καί
654 3811 683 3867 ἐκ
695 3817 742 3868 τοῦ
759 3813 797 3886 μὴ
812 3809 882 3867 πολὺ
895 3811 973 3886 πόμα
985 3821 1036 3882 τῆς
1052 3814 1145 3882 Λήθης
1160 3818 1242 3884 πιεῖν,
1257 3813 1301 3867 καὶ
1316 3811 1346 3867 ἐκ
1358 3819 1408 3882 τῆς
1422 3806 1526 3876 τάξεως
1542 3808 1571 3866 δὲ
1583 3815 1632 3865 τοῦ

503 3911 613 3979 παντὸς,
629 3909 671 3966 ότι
685 3907 765 3980 ἢδεή
781 3903 852 3974 τάξις
868 3910 1029 3972 ’.οὔπαντός
1045 3907 1120 3967 τόνδε
1137 3911 1186 3984 μὲν
1202 3907 1353 3981 ἐπιτήδειον
1364 3909 1430 3988 πρὸς
1444 3909 1474 3964 τὸ
1491 3909 1632 3965 συναισθά-

535 4111 548 4162 ι
565 4108 675 4160 τοισιν.
691 4107 774 4158 ωιιτ
837 4105 869 4204 ορ
885 4106 949 4172 Jeep.
965 4107 991 4156 x
1005 4107 1052 4157 ειο
1068 4106 1112 4156 Bc

535 4222 597 4274 TlT
614 4221 628 4271 4
645 4201 749 4277 ἀκαστος
764 4223 835 4282 ἡμῶν
850 4219 948 4278 πάντως
963 4219 1012 4270 ἀπό
1023 4239 1078 4270 τινα
1090 4223 1154 4270 τελεῖ
1168 4221 1274 4283 δαίμονα
1289 4219 1309 4270 C

537 4337 583 4387 ΝΟ
593 4335 606 4386 1
617 4335 703 4398 raaz]
713 4334 780 4401 αὐτῷ
791 4334 817 4382 Μ
828 4332 863 4382 οί.
872 4333 912 4390 65.
922 4333 953 4384 28
1014 4338 1030 4382 4
1042 4333 1158 4396 ῖααστον]
1166 4336 1260 4385 άιιαστα
1269 4334 1296 4383 Μ
1370 4335 1386 4383 θ
1396 4333 1512 4402 ἀπάρχει]
1521 4333 1633 4402 ὑπάρχει

507 4406 735 4468 M01.45‚,21a1.
801 4403 993 4468 7μὴνίμένΜ
1058 4404 1313 4470 8λίγοις]λι’γειςΜ
1378 4405 1410 4456 10
1426 4409 1452 4457 δι’
1466 4405 1498 4470 τι]
1513 4408 1535 4457 δ’
1550 4405 1629 4457 ἰ’τιΜ

567 4478 597 4529 12
618 4473 709 4543 λέγοις]
727 4478 806 4540 λέγεις
827 4474 855 4523 Μ
875 4475 910 4524 cl.
930 4475 946 4524 8
1009 4475 1038 4524 13
1058 4477 1088 4527 δέ
1101 4474 1134 4540 τι]
1152 4479 1173 4526 δ’
1193 4478 1227 4527 ἐτι
1249 4477 1275 4525 Μ
1298 4476 1363 4538 (jam
1382 4474 1541 4527 correxerat
1561 4481 1631 4536 AST)

504 4551 540 4601 εί.
562 4551 592 4600 10
654 4545 782 4614 ἐπάρχειν]
804 4545 926 4612 ὑπάρχειν
951 4545 977 4594 Μ
1003 4545 1073 4594 (ιλθ
1135 4544 1166 4595 15
1184 4549 1361 4613 ἀναιρεθέντων
1383 4547 1411 4596 Μ
1476 4549 1542 4611 2θὴ
1563 4555 1629 4598 ante

505 4619 682 4684 ἐπιτηδειότης]
697 4621 740 4669 καὶ
757 4617 783 4665 Μ
848 4616 878 4665 23
895 4620 1032 4667 κατιοῦσαν
1046 4615 1138 4666 delevi
1156 4627 1265 4680 propter
1283 4619 1427 4681 sequentia
1492 4621 1523 4670 25
1540 4618 1632 4684 πάντηΙ

505 4687 633 4764 παάσηΜ
698 4689 728 4738 27
746 4687 1053 4753 αλροείψυχαῖίκαίΜ
1118 4687 1149 4737 28
1162 4692 1294 4755 τυραννίδα
1309 4689 1404 4740 οιιι.Μ
1470 4689 1499 4740 31
1519 4679 1632 4756 γίνεσθάι

507 4761 556 4812 DE
570 4762 598 4811 in
611 4773 696 4825 marg.
1631 4757 1634 4764 ’
