3600 5734
452 585 499 636 168
839 575 980 626 ΕΡΜΕΙΟΥ
1001 575 1197 626 ΦΙΛΟΣΟΦΟΥ

353 739 420 808 [1⁵2]
453 735 496 791 ἐπί
513 733 614 814 βραχὺ,
630 733 699 790 κστά
713 733 747 790 τά
765 733 793 790 ἐν
812 739 847 810 τῇ
868 731 1029 805 Πολιτεία
1048 733 1187 811 είρημίνα,
1210 731 1250 790 θ’τι
1269 736 1288 806 ἡ
1305 733 1354 808 μὲν
1373 731 1511 797 δικαίως
1528 733 1575 789 καί

453 829 535 894 όσίως
561 828 709 903 διαζήσασα
728 831 774 888 τὸν
796 827 862 906 τῇδε
885 830 945 907 βίον
968 829 1148 904 ἀμείνονος
1173 830 1292 910 μοίρας
1316 827 1573 910 μεταλαγχάνει,

452 931 487 992 δς
509 927 536 986 δ’
559 928 594 984 διν
616 927 738 995 ἀδίκως
757 929 918 1011 χείρονος,
942 927 1068 986 θοόλεται
1089 925 1117 984 δε
1136 928 1301 1007 καταγαγὼν
1319 931 1369 999 τήν
1388 930 1478 1007 ψυχήν
1491 926 1574 984 πόλιν

453 1025 538 1098 αὐτὴν
555 1026 713 1102 ἀναπέμψαι
727 1026 771 1083 ἐπὶ
786 1028 817 1083 τὸ
832 1027 942 1098 νοητὸν,
955 1027 1001 1082 καί
1017 1049 1097 1106 φησιν
1113 1025 1153 1082 ότι
1166 1033 1238 1083 πᾶσα
1255 1027 1303 1102 μὲν
1318 1027 1393 1106 ψυχὴ
1407 1025 1450 1081 ἐπί
1465 1026 1496 1081 τὸ
1512 1047 1574 1096 νοη-

347 1125 498 1186 ί·θθν·τθν
513 1125 723 1181 ἀποκαθίσταται
738 1122 779 1180 διὰ
795 1124 920 1204 μυρίων
943 1124 1025 1182 ἐτῶν
1049 1123 1053 1202 Ι
1077 1127 1134 1181 οίσιι
1154 1124 1198 1180 καί
1219 1125 1246 1180 αί
1267 1129 1322 1180 τῶν
1343 1121 1458 1180 πολλῶν
1477 1124 1573 1202 ψυχαί,

452 1227 470 1296 ἡ
487 1221 515 1280 δὲ
529 1229 576 1280 τοῦ
591 1222 740 1304 φιλοσόφου
755 1225 799 1280 καί
814 1220 856 1279 διὰ
868 1222 1029 1303 τρισχιλίων
1045 1221 1124 1282 ἐτῶν,
1142 1219 1249 1292 Ἐπειδὴ
1265 1219 1293 1278 δὲ
1306 1219 1438 1302 περιόδων
1452 1221 1573 1296 ἐμνήσθη

451 1329 502 1392 τῆς
519 1327 662 1402 μυριετοῡς
677 1323 784 1392 καὶτῆς
797 1319 1010 1402 τρισχιλιετοῦς,
1025 1320 1071 1376 καί
1088 1317 1126 1376 ἔτι
1140 1329 1190 1392 τῆς
1206 1320 1259 1376 ἀπὸ
1272 1321 1403 1398 γενέσεως
1419 1319 1462 1376 ἐπί
1476 1319 1575 1396 γίνεσιν

452 1427 501 1490 τῆς
521 1418 673 1500 χιλιετους,
695 1419 874 1498 πρότεροντὸ
898 1419 1088 1494 μαθηματικὸν
1110 1418 1175 1476 αὐτὸ
1197 1418 1349 1494 ἐκθώμεθα·
1371 1417 1421 1476 εἶθ’
1442 1419 1528 1482 οὕτως
1548 1417 1574 1473 τί

455 1517 584 1596 βούλεται
608 1526 780 1597 παραστῆσαι
804 1520 978 1592 ζητήσωμεν,
1002 1515 1110 1596 Ὥρισεν
1133 1517 1161 1573 ἐν
1182 1522 1217 1592 τῇ
1240 1516 1402 1589 Πολιτεία
1425 1519 1456 1573 τὸ
1478 1517 1575 1595 μέτρον

391 1623 422 1675 10
453 1623 503 1688 τῆς
524 1621 571 1672 τοῦ
591 1614 732 1694 ἀνθρώπου
753 1618 827 1686 ζωῆς
845 1617 939 1672 ίαατὸν
957 1615 1038 1686 ἐτῶν,
1059 1615 1226 1694 τετράγωνον
1242 1615 1356 1694 ἀριθμόν
1375 1615 1427 1672 ἀπὸ
1446 1620 1494 1672 τοῦ
1513 1613 1575 1672 δέκα

452 1719 500 1770 τοῦ
515 1711 602 1770 πάντα
617 1714 650 1769 τά
664 1711 726 1784 είδη
743 1712 770 1769 ίν
785 1713 869 1790 ἑαυτῷ
884 1714 1061 1793 περιέχοντος
1078 1718 1133 1768 τῶν
1148 1713 1282 1791 ἀριθμῶν·
1301 1711 1394 1770 ἔπειτα
1409 1711 1575 1770 πολλαπλα-

454 1812 548 1876 σισίσας
564 1816 602 1889 τῷ
621 1809 685 1868 δέκα
701 1811 747 1867 τὸν
766 1811 873 1881 ἑκατὸν,
893 1811 939 1868 καί
954 1813 1072 1882 ποιήσας
1090 1805 1173 1866 κόόον
1190 1813 1237 1868 τὸν
1253 1809 1334 1892 χίλια
1350 1811 1388 1875 ὡς
1402 1811 1513 1891 χθόνιον
1530 1811 1574 1866 καί

454 1910 557 1965 οἰκεῖον
575 1913 609 1984 τῇ
629 1914 666 1990 γῇ
684 1908 827 1982 ἀπένειμεν
846 1909 937 1980 αὖτδν,
956 1909 1001 1966 καί
1018 1906 1099 1989 ἔφατο
1114 1911 1164 1979 τήν
1179 1910 1230 1966 ὑπὸ
1247 1918 1300 1988 γῆς
1313 1909 1423 1988 πορείαν
1437 1914 1470 1983 τῇ
1486 1912 1573 1988 ψυχῇ,

438 2081 440 2088 Ι
453 2007 574 2063 τουτέστι
587 2008 637 2076 τήν
650 2006 703 2062 ἀπὸ
716 2004 848 2084 γενέσεως
864 2005 907 2062 ἐπί
920 2007 1032 2083 γένεσιν,
1048 2006 1103 2088 χιλ
1112 2015 1180 2077 ιετῆ
1200 2007 1278 2078 εἷναι,
1291 2006 1336 2063 ’ίνα
1349 2007 1395 2063 καί
1408 2005 1576 2064 δεκαπλασία

393 2113 422 2162 15
454 2108 510 2160 τῶν
525 2101 593 2178 αὐτῇ
609 2103 843 2181 ἡμερτημίνωνή
860 2101 889 2158 εὖ
904 2105 1104 2182 πεπραγμένων
1122 2107 1140 2174 ἡ
1158 2102 1256 2168 ἔκτισις
1274 2105 1394 2182 γίνηται.
1410 2103 1467 2160 Ἔτι
1486 2103 1514 2160 δὲ
1531 2105 1576 2162 καί

452 2207 533 2258 τοίντο
554 2200 741 2280 προληπτίον·
763 2197 805 2256 δεῖ
826 2201 876 2270 τήν
901 2199 1048 2276 μέλλουσαν
1071 2203 1291 2274 ἀποκαταστῆναι
1314 2205 1406 2283 ψυχὴν
1429 2201 1576 2282 φιλόσοφον

455 2302 590 2379 αίρεῑσθαι
610 2299 682 2377 βίον,
696 2297 733 2355 ’ἶν’
749 2299 836 2364 οὕτως
856 2299 974 2380 ἀναχθῇ·
996 2301 1040 2355 καί
1060 2301 1139 2363 οὗτος
1155 2302 1169 2356 ό
1184 2300 1432 2364 ἀποκαταστατικδς
1450 2300 1522 2377 βίος,
1545 2301 1575 2356 δν

456 2401 560 2472 ζήσασα
581 2395 733 2480 φιλοσόφως
754 2397 799 2452 καί
821 2395 936 2454 λιποῦσα
957 2399 1003 2453 τὸν
1025 2399 1086 2476 βίον
1110 2398 1207 2455 λοιπὸν
1226 2400 1362 2477 ἀνάγεται.
1381 2399 1467 2456 Ἔστω
1486 2398 1575 2455 τοίνυν

455 2499 530 2577 ψυχὴ
551 2499 655 2568 ζήσασα
673 2495 737 2558 τοῦς
758 2494 831 2552 ίννία
849 2496 961 2560 τούτους
983 2496 1073 2573 βίους,
1092 2497 1200 2568 ζησάτω
1218 2496 1248 2553 δὲ
1267 2496 1363 2555 λοιπὸν
1380 2497 1450 2572 μετὰ
1462 2498 1574 2561 τούτους

392 2607 424 2658 20
455 2594 499 2648 καί
512 2590 559 2648 ἕνα
572 2593 618 2648 τόν
631 2592 888 2664 ἀποκαταστατικθν,
905 2593 944 2656 ὡς
959 2590 1078 2672 είρηται·
1093 2595 1253 2674 συνάγονται
1267 2593 1330 2651 δέκα
1344 2595 1411 2672 βίοι·
1427 2593 1517 2665 ἐπειδὴ
1531 2593 1576 2649 οὖν

454 2694 472 2762 ὴ
486 2691 537 2748 ὑπὸ
549 2699 601 2770 γῆν
616 2691 728 2747 ἑκάστου
741 2689 838 2769 πορεία
850 2689 975 2771 χιλιετής
989 2690 1055 2765 ἐστι,
1071 2689 1177 2756 δεκάκις
1192 2693 1225 2748 τά
1238 2690 1317 2772 χίλια
1330 2692 1433 2770 συνάγει
1445 2692 1479 2749 τά
1494 2692 1575 2772 μόρια

455 2785 514 2860 ἐ’τη.
531 2786 640 2858 Ἐπειδὴ
655 2785 740 2844 δὲκαὶ
753 2788 841 2866 τρίτον
854 2784 895 2844 δεῖ
911 2786 1093 2868 φιλοσοφῆσαι
1107 2791 1152 2846 τὸν
1164 2789 1423 2866 ἀποκαθιστάμενον,
1439 2789 1477 2854 ὡς
1492 2788 1571 2866 λέγει,

454 2885 536 2944 πάλιν
556 2887 611 2967 τρίς
632 2885 665 2942 τὰ
684 2885 766 2967 χίλια
787 2885 908 2963 γίνονται
927 2883 1079 2966 τρισχίλια·
1102 2885 1165 2952 ίσως
1183 2893 1262 2945 τοῦτο
1281 2889 1325 2944 καί
1344 2887 1375 2944 ἐκ
1389 2895 1440 2959 τῆς
1454 2887 1572 2966 ίστορίας

457 2979 590 3065 είληφιός·
607 2984 694 3048 οίίτως
708 2982 758 3063 γάρ
768 2983 813 3039 καί
826 2985 841 3039 ὁ
855 2981 1043 3062 Τρισμὲγιστσς
1057 2983 1157 3063 Ἐρμῆς
1172 2985 1324 3058 ἐπεκλήθη,
1339 2986 1377 3049 ὡς
1392 2987 1450 3064 τρίς
1463 2985 1574 3042 ἐνταῦθα

393 3097 423 3150 25
456 3083 643 3168 φιλοσοφήσας
658 3084 702 3138 καί
716 3082 747 3138 τό
761 3080 852 3160 τρίτον
867 3081 961 3137 ἑαυτὸν
977 3081 1112 3159 ἐπιγνοὺς·
1128 3083 1173 3139 καί
1189 3084 1203 3139 ό
1219 3081 1362 3164 Πίνδαρος·

624 3275 683 3334 όσοι
699 3275 748 3350 μὶν
763 3273 918 3350 ἐτόλμασαν
933 3271 960 3336 ἐς
975 3273 1034 3354 τρίς

617 3375 780 3454 ἑκατέρωθεν
794 3371 847 3428 ἀπὸ
861 3371 976 3446 πάμπαν
991 3368 1090 3460 ἀδίκων
1105 3368 1191 3452 ’ίργων
1207 3371 1339 3452 σχεθέμεν

616 3475 718 3555 ψυχὰν,
733 3469 855 3530 ίστειλαν
870 3471 931 3534 Διὸς
945 3467 1008 3526 όδθν
1022 3469 1094 3550 παρὰ
1108 3470 1211 3549 Κρόνου
1226 3471 1327 3552 τύρσιν.

456 3677 490 3733 Τὸ
512 3675 561 3752 μὶν
583 3671 629 3731 οὗν
651 3667 842 3748 μαθηματικὸν
861 3671 984 3724 τοιοῦτον
1005 3667 1044 3731 ὡς
1065 3663 1186 3745 είρηται.
1210 3667 1259 3722 Καὶ
1282 3665 1419 3723 συνελόντι
1438 3666 1521 3724 εἰπεῖν
1539 3671 1577 3744 τῷ

394 3790 425 3842 30
457 3773 519 3856 τρία
531 3773 576 3830 καί
589 3776 627 3851 τῷ
642 3769 706 3828 δίκα
717 3764 953 3832 πολλαπλασιάζει
965 3765 1011 3822 τὸν
1023 3762 1114 3844 χίλια,
1127 3767 1176 3835 τήν
1192 3765 1242 3821 ὑπὸ
1255 3772 1309 3842 γῆν
1319 3763 1443 3844 πορείαν,
1457 3763 1576 3820 τουτέστι

486 3993 500 4044 ι
518 3989 582 4054 περ.
598 3987 624 4038 x
638 3983 722 4038 οιιιε
784 3982 801 4032 ν
817 3981 881 4047 περ.
896 3979 923 4030 x
936 3977 983 4030 οισ
998 3981 1021 4028 Α
1085 3977 1115 4028 25
1135 3975 1176 4026 οι.
1190 3977 1216 4028 ιι
1231 3977 1263 4029 σε
1277 3977 1343 4040 ιιιιι
1358 3990 1417 4042 sqq.

486 4119 639 4176 ΤΙΤθδιά
656 4117 751 4183 μυρίων
764 4110 859 4164 {nnuc
922 4105 1191 4174 θδιδιτρισχιλίωνῦ
1253 4106 1308 4157 θτί
1321 4109 1393 4170 δηλοῖ
1405 4107 1434 4157 τθ
1445 4100 1521 4171 μόρια
1535 4105 1579 4154 καί

456 4189 618 4266 τρισχίλιαῦ

490 4322 536 4374 NC
552 4319 568 4372 2
583 4309 846 4384 μεταλαμόάνειΡίαί.
908 4306 1045 4370 ἀφησίνΑ
1109 4305 1218 4369 5ψυχαί
1233 4302 1326 4352 om.M
1390 4300 1577 4370 θπεριόθοοΜ

518 4393 534 4443 9
550 4389 688 4454 ζητήσομεν
704 4383 743 4445 (ί)
806 4379 897 4447 ὥρισεν
919 4374 1026 4436 <οὗν>
1041 4373 1075 4436 (ί)
1140 4374 1169 4423 17
1188 4374 1219 4424 ἵν’
1236 4401 1268 4410 -
1287 4374 1316 4423 18
1335 4376 1389 4440 βίον
1411 4386 1466 4423 om.
1486 4371 1516 4421 M

456 4465 487 4518 19
501 4458 604 4522 τοιίτονς
616 4458 713 4511 om.M
778 4451 808 4504 21
826 4453 875 4502 ὑπὸ
887 4457 943 4516 γῆν,
954 4447 990 4498 οί.
1002 4447 1021 4496 l.
1033 4447 1063 4496 13
1126 4445 1248 4497 δεκάκιΑ
1310 4441 1579 4510 26μίν]δ’ΜΡίηθ,

518 4535 549 4586 27
566 4528 726 4598 όκαθίρωθιν]
741 4526 875 4591 ἀκαθίρωθι
890 4522 918 4570 Μ
935 4535 942 4570 τ
958 4519 1090 4584 ἑκατέρωθι
1109 4521 1234 4581 μείναντες
1254 4515 1335 4566 Pind.
1354 4517 1463 4579 (praeter
1476 4513 1536 4566 cod.
1555 4511 1579 4561 Ο

458 4603 634 4668 Mommseni)
698 4601 778 4668 ίργων
804 4591 934 4662 σχεθέμεν]
960 4593 1027 4656 ίχιιν
1051 4588 1133 4638 Pind.
1196 4587 1228 4638 28
1248 4587 1343 4638 ἔτειλαν
1365 4586 1447 4636 pind,
1469 4585 1531 4636 eod,
1553 4583 1579 4632 x

456 4678 539 4740 (Par.
553 4674 626 4736 2709)
644 4671 707 4726 odd.
727 4669 857 4733 ήστείλεται
876 4663 944 4729 παρὰ
961 4661 1061 4727 Κρόνου
1080 4655 1165 4724 τύρσιν
1180 4657 1292 4708 Omma
1308 4655 1338 4706 ιῖιι
1353 4654 1480 4706 ΡΙιειιιίοη·
1495 4669 1520 4718 p.
1537 4654 1578 4714 91,

456 4749 487 4802 28
503 4745 619 4806 Flnokht
