3538 5686
474 607 490 656 2
853 597 993 651 ΕΡΜΕἰΟΥ
1013 599 1210 651 ΦΙΛΟΣΟΦΟΥ

402 757 451 825 153]
474 753 557 811 κατά
574 755 630 811 τὸν
650 751 789 811 Ἰλισσόν
803 755 850 811 τόν
864 754 1000 830 ποταμόν.
1017 753 1245 834 ’Δναγνωσδέντος
1260 753 1288 812 δέ
1301 761 1349 813 τοῦ
1365 754 1460 836 λόγου,
1476 758 1584 816 καὶτοῦ

475 849 594 932 Φαίδρου
609 854 862 932 ὑπερδαυμάζοντος
884 845 1020 919 άξιοῦντός
1038 874 1067 912 τε
1088 853 1134 910 τὸν
1157 855 1288 933 Σωκράτη
1309 855 1458 934 ὁμολογεῖν
1481 855 1504 912 εί
1525 853 1585 936 ἔχοι

474 971 522 1014 τις
543 948 646 1015 άλλος
665 951 771 1008 πλείω
792 951 894 1009 τοότων
915 952 961 1009 καί
982 950 1090 1010 καλλίω
1113 951 1207 1025 εἰπεῖν,
1231 955 1245 1010 6
1269 954 1416 1033 Σωκράτης
1436 954 1518 1034 φησίν
1537 953 1585 1010 οῦκ

474 1041 547 1114 άξιον
569 1049 671 1127 ταύτῃ
695 1050 813 1108 ἐπαινεῖν
832 1052 879 1107 τὸν
893 1053 1012 1122 ποιητὴν
1031 1057 1078 1107 τοῦ
1099 1050 1183 1130 λόγου
1206 1053 1246 1116 ὡς
1263 1052 1301 1108 τά
1324 1047 1437 1110 δέοντα
1457 1052 1502 1109 καὶ
1517 1049 1584 1110 κάλ-

426 1160 441 1212 5
474 1147 553 1206 λιστα
567 1148 707 1228 εἰρηκότα,
723 1146 796 1206 ἀλλὰ
814 1150 914 1226 μόνον
934 1148 984 1206 ότι
1005 1157 1090 1230 σαφῆ
1111 1151 1166 1208 καὶ
1186 1150 1377 1230 στρογγύλα
1396 1151 1450 1207 καὶ
1472 1151 1583 1209 άποτε

473 1249 678 1331 τορνευμένα
695 1245 816 1305 έκαστα
833 1253 897 1306 τῶν
917 1249 1090 1324 ὀνομάτων
1109 1246 1261 1328 εἴργασται.
1277 1249 1400 1307 Αίτιάται
1419 1247 1448 1306 δὲ
1467 1250 1508 1308 ότι
1523 1251 1585 1308 άπά-

472 1373 546 1416 κτοις
559 1351 604 1407 καὶ
618 1355 676 1412 τοῖς
686 1348 795 1428 χρόνοις
809 1347 926 1410 καὶτοῖς
943 1349 1076 1424 νοήμασιν
1087 1347 1222 1427 έχρῆσατο
1235 1347 1280 1403 καί
1295 1353 1353 1412 τοῖς
1367 1346 1462 1427 λόγοις
1478 1349 1581 1422 αὐτοῖς,

473 1448 515 1504 ότι
535 1469 564 1506 τε
585 1447 646 1504 άπὸ
670 1446 829 1517 τελευτῆς
850 1443 961 1524 ῆρξατο,
983 1445 1022 1510 εἰς
1037 1447 1052 1502 6
1067 1437 1220 1516 καταλῆξαι
1241 1443 1358 1526 ὤφειλεν
1380 1445 1481 1504 έκεῖδεν
1504 1440 1583 1526 ἀρξά-

474 1568 565 1622 μενος·
588 1545 640 1603 lul
662 1545 714 1624 γάρ
735 1550 783 1602 τοῦ
800 1545 868 1620 μετὰ
882 1545 930 1601 τὸν
951 1541 1038 1624 ἔρωτα
1059 1543 1171 1624 χρόνου,
1195 1541 1259 1600 ἀλλ’
1279 1543 1328 1604 οῦκ
1349 1545 1401 1602 άπὸ
1416 1553 1466 1616 τῆς
1481 1567 1583 1624 προση-

411 1661 442 1712 10
473 1644 572 1716 κοῦσης
586 1644 686 1724 ἀρχῆς·
701 1644 748 1700 καὶ
761 1643 804 1700 δτι
818 1643 867 1700 οῦκ
881 1640 940 1723 ἔχει
954 1641 1101 1720 ἀναγκαίαν
1115 1635 1189 1707 τάξιν
1203 1641 1237 1698 τά
1250 1641 1383 1721 εἰρημένα
1397 1640 1459 1700 οὐδὲ
1471 1640 1518 1700 ένα
1531 1645 1584 1722 εἰρ-

474 1745 525 1820 μὸν
539 1743 584 1798 καί
598 1743 627 1800 ἓν
642 1747 747 1818 σῶμα,
764 1743 800 1806 ὡς
813 1739 875 1799 τόδε
892 1743 961 1816 μετά
971 1739 1033 1798 τόδε
1045 1743 1160 1812 κεῖαδαι,
1171 1737 1244 1798 ἀλλά
1257 1738 1363 1820 χύδην
1380 1738 1525 1819 βέόληται·
1539 1743 1583 1798 καὶ

473 1841 515 1898 ότι
528 1839 662 1906 πολλάκις
675 1841 709 1896 τὰ
723 1839 790 1896 σῦτόι
804 1839 874 1897 εἰπε·
892 1839 948 1916 [καὶ
965 1845 1073 1919 πρῶτον
1089 1839 1131 1895 δτι
1145 1838 1198 1918 οῦχ
1212 1839 1327 1919 ὡρίσατο
1341 1839 1403 1919 περὶ
1418 1841 1496 1897 ποίου
1511 1837 1584 1918 λέγει

473 1935 585 2018 ἐ’ρωτος·
605 1939 650 1994 καὶ
671 1937 713 1994 δτι
731 1936 828 2016 άγονος
847 1939 880 1994 τά
894 1937 961 1994 αὐτά
975 1934 1119 2001 πλεονάκις
1135 1936 1243 2014 εἰπὼν,]
1260 1937 1297 2002 ὡς
1318 1929 1350 2002 ἐξ
1371 1937 1488 2000 ὑπτίας
1504 1937 1582 1995 νέων·

475 2035 530 2117 [καὶ
554 2035 596 2092 ότι
620 2034 709 2116 χάδην
732 2036 776 2091 καῖ
801 2035 922 2099 ἀτάκτως
949 2031 1120 2109 έμόέόληται
1143 2035 1177 2092 τά
1199 2034 1333 2114 εἰρημένα
1353 2035 1400 2092 καί
1426 2033 1527 2092 άτακτα
1552 2035 1585 2091 τά

411 2152 442 2204 15
474 2132 625 2214 νοήματα]
647 2132 812 2213 Ἀχθομένου
833 2131 879 2191 οῦν
898 2137 946 2189 τοῦ
965 2131 1086 2212 Φαίδρου
1103 2135 1170 2212 πρός
1188 2133 1251 2198 τοῦς
1267 2132 1398 2214 ἐλέγχους
1411 2139 1459 2191 τοῦ
1473 2133 1585 2214 ἐραστοῦ

472 2237 521 2291 τοῦ
541 2233 638 2290 Λυσίου
658 2230 754 2311 λόγου,
775 2233 821 2290 καὶ
842 2231 969 2311 λέγοντος
991 2229 1058 2313 [δτι]
1080 2230 1184 2306 μηδένα
1205 2231 1236 2288 δν
1257 2231 1330 2312 ἔχειν
1349 2233 1435 2290 εἰπεῖν
1458 2233 1586 2314 εἰρηκότα

473 2332 577 2389 τούτων
600 2332 706 2390 καλλίω
728 2332 773 2388 καῖ
800 2330 913 2409 βελτίω,
939 2332 1020 2412 φησὶν
1045 2332 1059 2387 6
1084 2331 1232 2410 Σωκράτης
1259 2331 1404 2403 ἀκηκοέναι
1426 2329 1515 2390 πλείω
1538 2332 1584 2388 καί

473 2428 582 2488 καλλίω
599 2430 748 2510 εἰρηκότων
763 2435 844 2486 τινῶν
855 2429 919 2508 περὶ
932 2429 1037 2487 τοότων
1052 2429 1151 2500 αὐτῶν,
1169 2432 1226 2488 οἷον
1242 2434 1395 2512 Σαπφοῦς
1409 2439 1468 2502 τῆς
1480 2428 1586 2500 καλῆς

473 2530 519 2586 καὶ
545 2527 777 2608 Ἀνακρέοντος
801 2533 858 2585 τοῦ
882 2533 995 2608 σοφοῦ·
1019 2529 1065 2584 καὶ
1090 2525 1133 2584 διά
1156 2533 1236 2585 τοῦτο
1261 2527 1414 2610 [δόνααδαι]
1437 2529 1481 2585 καὶ
1504 2528 1584 2591 αῦτός

411 2641 442 2692 20
472 2628 542 2684 κατὰ
565 2628 598 2684 τά
622 2625 665 2684 ὑπ’
689 2627 777 2683 αὐτῶν
801 2625 932 2707 εἰρημένα
955 2624 1046 2705 ἔχειν
1071 2625 1178 2684 εἰπεῖν
1204 2625 1307 2704 βελτίω
1330 2627 1375 2684 καὶ
1399 2623 1507 2684 καλλίω
1530 2631 1586 2682 τῶν

473 2727 570 2783 Λυσίου
586 2725 688 2803 λόγων.
707 2723 740 2782 Ὃ
761 2723 790 2781 δὲ
810 2717 879 2790 άξιοῖ
901 2723 981 2780 αὐτόν
1000 2724 1087 2781 εἰπεῖν
1108 2725 1320 2804 ἀπεχόμενον
1342 2727 1380 2781 ὢν
1401 2724 1460 2782 εἰπε
1474 2723 1584 2800 Λυσίας,

473 2825 518 2880 καί
540 2823 612 2881 οῦτω
632 2830 758 2904 χρυσῆν
781 2822 862 2879 αῦτοῦ
885 2821 1000 2878 εἰκόνα
1020 2825 1139 2893 στῆαειν.
1163 2823 1212 2879 Καὶ
1234 2825 1248 2880 6
1269 2824 1417 2902 Σωκράτης
1440 2822 1522 2902 φησίν
1544 2822 1587 2885 ὡς

474 2919 607 2993 άληθῶς
628 2926 773 3000 χρυσοῦν
797 2921 866 2977 εἰναι
890 2919 936 2976 τὸν
960 2917 1089 3000 Φαῖδρον,
1117 2920 1144 2977 εἰ
1171 2917 1283 2977 οίεται
1310 2919 1422 3001 λέγειν
1450 2920 1584 2998 Σωκράτη

474 3019 517 3076 ότι
539 3019 661 3084 Λυσίας
685 3024 742 3077 τοῦ
761 3020 885 3082 παντὸς
909 3016 1093 3098 διήμαρτεν
1112 3019 1139 3076 έν
1162 3019 1309 3097 τῷλόγῳ·
1330 3024 1410 3076 τοῦτο
1427 3020 1479 3098 γάρ
1503 3015 1588 3094 μηδὲ

411 3130 444 3180 25
475 3117 655 3191 <όίν>τὸν
678 3115 888 3198 φαυλότατον
910 3116 1101 3197 συγγραφέα
1121 3122 1250 3177 παθεῖν.
1272 3117 1396 3175 Αὐτίκα
1415 3117 1491 3196 περὶ
1514 3117 1552 3172 οῦ
1573 3117 1588 3172 ό

476 3217 589 3296 λόγος,
612 3218 692 3274 παντὶ
714 3217 863 3297 πρόχειρον
885 3215 970 3273 εἰπεῖν
992 3215 1034 3273 ότι
1057 3218 1072 3272 6
1098 3216 1147 3291 μέν
1169 3216 1237 3295 ἐρῶν
1258 3221 1342 3289 νοσεῖ,
1368 3218 1382 3273 6
1406 3214 1435 3273 δέ
1457 3216 1496 3292 μῆ
1519 3214 1588 3294 έριῖυν

475 3321 619 3396 σωφρονεῖ,
646 3315 691 3371 καὶ
716 3313 758 3372 δεῖ
781 3320 820 3388 τῷ
843 3319 1028 3394 σωφρονοῦντι
1044 3314 1152 3390 μᾶλλον
1175 3313 1193 3385 ἢ
1217 3319 1256 3388 τῷ
1277 3319 1400 3372 νοσοῦντι
1413 3314 1585 3394 χαρίζεσθαι.

474 3419 532 3469 Τιόν
560 3412 607 3470 οὖν
631 3419 754 3492 φανερῶν
780 3415 866 3492 εῦρεῖν
892 3412 929 3469 οὐ
954 3413 1012 3481 τῆν
1038 3411 1168 3491 εὕρεσιν
1198 3410 1240 3470 δεῖ
1263 3412 1393 3484 ἐπαινεῖν,
1418 3409 1505 3469 ἀλλά
1528 3411 1587 3480 τῆν

476 3509 633 3584 διάθεσιν,
658 3517 721 3568 τῶν
746 3509 779 3567 δὲ
801 3508 959 3591 χαλεπῶν
983 3512 1091 3590 εὑρεῖν
1113 3511 1194 3590 πρὸς
1216 3515 1255 3586 τῆ
1280 3508 1428 3568 διαθέσει
1452 3510 1506 3566 καί
1528 3510 1588 3579 τήν

386 3635 413 3685 p.
430 3621 461 3672 60
477 3609 615 3689 εῦρεσιν.
634 3609 747 3688 ’Ἃγυνος
766 3608 813 3667 οῦν
828 3609 874 3666 καὶ
890 3609 959 3666 κατά
972 3611 1022 3680 τῆν
1037 3606 1165 3682 διάθεσιν,
1177 3609 1238 3665 άπὸ
1253 3607 1425 3684 τελευΙτῆς
1439 3605 1586 3688 ἀρξάμενος

506 3787 521 3836 1
537 3786 572 3836 ci.
589 3786 635 3836 229
650 3790 674 3837 Α
736 3786 750 3835 3
765 3786 802 3837 cl.
817 3787 863 3837 231
879 3787 900 3838 E
963 3785 978 3836 5
995 3783 1063 3836 ibid.
1078 3785 1113 3836 cl.
1126 3784 1193 3835 add.
1210 3788 1236 3834 ci
1250 3781 1364 3848 corrig„
1382 3787 1395 3834 1
1473 3784 1490 3834 8
1503 3782 1549 3833 201
1564 3785 1588 3832 Α

538 3857 626 3908 11264
641 3857 679 3908 C:
693 3856 739 3907 201
754 3857 777 3906 Β
841 3859 870 3908 13
884 3857 930 3909 264
945 3861 969 3908 Α
1034 3857 1064 3907 18
1076 3857 1122 3907 235
1137 3857 1158 3906 C
1220 3857 1249 3906 21
1264 3855 1346 3906 2351)
1410 3855 1441 3906 22
1456 3853 1524 3905 ibid.

476 3931 506 3982 23
520 3930 566 3980 235
579 3929 601 3980 E
663 3927 693 3978 25
712 3926 779 3978 ibid.
842 3929 916 3980 2830
929 3929 976 3980 230
990 3933 1014 3980 Α
1078 3928 1108 3978 30
1121 3927 1166 3978 264
1181 3931 1205 3978 Α

510 4044 557 4094 Nl:
574 4044 589 4094 2
603 4039 740 4110 Σωκράτην
756 4039 784 4090 Μ
848 4041 862 4089 3
881 4039 934 4104 καὶ]
950 4037 996 4102 ἦε
1059 4039 1073 4088 5
1092 4037 1219 4105 εἰρηκότα]
1242 4038 1343 4104 ρηθέντα
1358 4039 1386 4087 Μ
1402 4051 1409 4087 2
1425 4039 1549 4104 είρηάέντα
1563 4041 1588 4087 Α

478 4116 577 4167 ulvid.
595 4113 669 4165 300¹
733 4110 999 4176 ὃῶφειλλεινίειόια
1061 4109 1146 4161 9άλλ’
1165 4123 1220 4159 om.
1242 4111 1268 4159 M
1334 4110 1365 4159 12
1382 4111 1425 4160 καί
1444 4119 1541 4176 πρῶτον
1558 4137 1590 4147 -

476 4188 506 4238 13
520 4189 595 4237 εἰπὼν
610 4183 710 4236 seclusi
722 4192 752 4234 uc
763 4183 938 4233 manileslum
950 4181 1088 4231 emblema
1150 4181 1236 4231 13lors
1246 4181 1303 4230 itan
1312 4187 1340 4230 ει
1349 4183 1486 4239 ὼς-νέων
1497 4181 1588 4231 silex-

479 4257 638 4324 pellendum
700 4257 762 4306 νέων
778 4253 872 4316 scripsi
888 4252 950 4302 coll.
970 4253 1039 4302 Plau
1057 4255 1135 4318 λέγων
1152 4251 1215 4301 libri
1278 4251 1307 4301 14
1325 4253 1368 4302 καί
1381 4252 1418 4303 δτι
1434 4279 1465 4288 -
1481 4253 1510 4301 15
1528 4251 1589 4316 νοῆ-

481 4349 544 4394 ματα
563 4327 663 4379 seclusi
727 4326 756 4375 14
778 4329 921 4387 έκόέόληται
945 4324 972 4374 Μ
1038 4323 1067 4373 16
1081 4323 1118 4374 δτι
1141 4321 1241 4373 seclusi
1304 4323 1381 4389 ἐ’χειν]
1410 4321 1465 4388 εἰχε
1481 4323 1527 4374 ΒΕ

478 4403 509 4453 18
525 4405 620 4453 καλλίω
640 4400 756 4450 Russus
772 4397 838 4449 καλῖι
851 4396 915 4447 libri
932 4396 1070 4462 (zuliiuDi
1133 4396 1164 4446 19
1186 4392 1305 4447 δύνασθαι
1329 4395 1368 4459 (=
1392 4395 1467 4462 ἔχειν)
1489 4395 1590 4446 seclusi

540 4473 571 4522 20
585 4471 677 4536 αὐτῶν]
694 4471 769 4521 αὑτοῦ
784 4469 811 4518 Μ
875 4471 969 4519 καλλίω
984 4469 1026 4518 καί
1042 4467 1171 4532 βελτίωΜ
1235 4465 1310 4516 20-21
1325 4475 1374 4517 τῶν
1388 4470 1432 4517 τοῦ
1446 4468 1544 4517 Λυσίου
1559 4466 1587 4515 Μ

540 4545 571 4595 22
590 4545 683 4596 alenc:
704 4542 766 4592 lori.
786 4541 852 4606 αὐτῷ
871 4538 1028 4604 legendum,
1045 4551 1109 4588 cum
1123 4537 1196 4602 apud
1210 4537 1355 4588 Platonem
1369 4537 1477 4588 dativus
1492 4539 1533 4588 σοί
1547 4536 1588 4587 le·

479 4623 558 4682 gaillr
618 4615 648 4664 23
668 4617 749 4677 οἴηται
765 4613 792 4662 Μ
816 4611 861 4671 ici.
885 4609 951 4660 add.
976 4615 1002 4658 el
1025 4608 1174 4673 corr69.,2)
1239 4607 1420 4674 ΣωκράτηνΜ
1485 4608 1516 4659 24
1535 4606 1590 4672 διῆ-

481 4701 597 4756 μοιρταικ
658 4685 688 4736 25
703 4685 733 4737 άν
748 4698 782 4734 ex
794 4683 862 4734 Plau
876 4681 967 4732 addidi
1028 4681 1059 4732 26
1074 4685 1087 4731 ό
1103 4682 1145 4745 μέν
1160 4680 1234 4747 ἐρῶν]
1251 4683 1264 4731 ό
1280 4679 1322 4744 μέν
1337 4680 1440 4730 νοῶνΜ
1455 4677 1520 4742 iiam
1531 4691 1590 4729 cor·

478 4764 586 4812 rexerat
596 4759 665 4821 Αυτ)
729 4756 760 4808 28
773 4756 878 4822 φανερόν
892 4754 920 4804 Μ
937 4751 1002 4816 liam
1013 4757 1168 4805 correxerat
1179 4754 1247 4812 Ass)
1310 4750 1341 4800 30
1355 4749 1455 4816 ἄγονος]
1471 4749 1588 4808 mcccc?
