3600 5734
452 625 508 674 ΕΙΣ
529 625 591 674 TON
614 623 792 674 ΠΛΑΤΩΝΟΣ
815 624 959 676 ΦΑΙΔΡΟΝ
981 625 1103 677 ΣΧΟΛΙΑ
1292 639 1339 691 185

115 782 184 850 1162]
257 782 309 848 κζ’.
334 777 386 836 Ἧι
406 780 441 836 τὸ
462 781 581 860 πτερὸν
603 781 699 860 ὁρμᾷ]
722 780 778 840 251
805 780 844 842 D.

257 920 327 976 Καδὸ
346 913 453 1000 ἄρξεται
472 918 547 1000 φύειν
566 919 596 975 τὸ
614 917 722 998 πτερόν.
743 953 782 962 -
801 918 986 993 Αύοιίνετει,
1007 920 1139 980 τουτέστιν
1157 926 1175 994 ἡ
1195 923 1338 1003 ἀντγωγδς

216 1017 301 1089 αὐτῆς
321 1015 434 1092 δύναμις
452 1015 628 1092 έμποδίζετοι
645 1018 690 1072 κεί
708 1016 851 1098 κατέχεται
869 1023 903 1096 τῇ
916 1018 1025 1098 γενέσει,
1043 1056 1082 1065 -
1096 1021 1137 1078 Τὰ
1155 1027 1219 1080 τῶν
1235 1016 1340 1088 διεξό-

217 1114 279 1172 δων
295 1115 451 1191 στύματα·
468 1121 507 1191 τῷ
522 1113 578 1172 ὄντι
591 1117 641 1195 γίιρ
655 1113 771 1179 πολλαῖς
792 1123 956 1198 μεταφοραῖς
971 1117 1114 1199 κέχρηται·
1131 1121 1174 1177 καί
1193 1126 1273 1178 τοῦτο
1289 1123 1339 1202 γὰρ

168 1214 183 1262 5
217 1215 248 1271 τὸ
264 1214 345 1292 ῥητὸν
359 1214 451 1295 ὥσπερ
466 1219 543 1293 πηγῇ
560 1213 712 1281 ἀπεικάζων
728 1213 811 1274 εἶπεν.

255 1371 311 1446 κη’.
335 1373 366 1430 Ἡ
387 1371 414 1430 δ’
436 1372 526 1439 ἐντὸς
545 1373 628 1449 μετὰ
648 1378 705 1430 τοῦ
727 1371 859 1455 ἰμέρου]
881 1373 938 1432 251
962 1373 1000 1433 D.

256 1516 341 1576 Πάλιν
354 1517 467 1576 ἐνταῦθα
481 1519 519 1575 τὰ
534 1517 697 1599 σφύζοντα
712 1519 785 1576 εἶπεν
797 1519 850 1576 σίπδ
867 1527 1021 1601 μεταφορᾶς
1034 1525 1089 1578 τῶν
1104 1521 1337 1603 φλεγμαινόντων·

214 1617 304 1698 ὥσπερ
328 1617 378 1696 γὰρ
405 1616 448 1674 έπὶ
475 1621 528 1674 τῶν
553 1616 774 1698 φλεγμοινύντων
804 1616 940 1698 ἐπείγεται
970 1613 1088 1685 ἐξελθεῖν
1112 1617 1162 1686 ἔξω
1189 1621 1219 1676 τὸ
1244 1620 1338 1700 ὑγρὸν,

214 1717 359 1797 κατέχεται
373 1713 401 1772 δέ
414 1721 447 1792 τῇ
463 1716 599 1795 παχύτητι
613 1723 661 1773 τοῦ
677 1715 853 1798 περιέχοντος
867 1716 1006 1792 σώματος,
1023 1717 1069 1774 τδν
1085 1717 1164 1776 αὐτὸν
1179 1718 1278 1798 τρόπον
1292 1719 1338 1775 κεί

150 1827 184 1880 10
215 1817 233 1886 ἡ
248 1815 323 1894 ψυχὴ
339 1813 453 1872 ἐνταῦθα
470 1813 594 1889 ἐπιθυμεῖ
607 1815 655 1890 μέν
673 1819 727 1870 τῶν
742 1813 797 1872 έκεῖ
811 1816 856 1871 κεί
871 1811 931 1896 ἔχει
942 1811 1040 1894 έρωττ,
1055 1817 1229 1897 κατεχομένη
1244 1815 1273 1874 δέ
1288 1817 1339 1874 ὑπὸ

214 1921 265 1984 τῆς
278 1913 410 1992 γενέσεως
425 1910 465 1968 ἔτι
481 1912 594 1976 εἰκιίτως
611 1910 777 1970 ὀδονῖτται·
797 1912 856 1970 ὅθεν
871 1911 1051 1994 γλυκύπικρύν
1067 1937 1138 1980 τινες
1157 1917 1280 1994 εἰρήκασι
1294 1916 1339 1972 τὸν

216 2007 303 2090 ἐ’ρωτα
325 2010 377 2066 ἀπὸ
403 2015 458 2066 τῶν
486 2009 596 2067 ἐνταῦθα
622 2006 823 2084 συμύεινύντων
848 2013 918 2086 ἡμῖν
942 2012 1164 2091 τεκμαιρόμενοι.
1190 2047 1229 2057 -
1251 2013 1286 2072 Τὸ
1313 2012 1341 2071 δὲ

217 2107 347 2189 έγχρίει
367 2108 424 2164 ἀντὶ
445 2113 493 2166 τού
514 2114 601 2166 κεντεῖ
619 2109 664 2166 καὶ
687 2109 823 2184 ἐμπίπτει·
847 2109 885 2174 ὡς
906 2108 950 2166 έπί
969 2115 1024 2167 τῶν
1044 2109 1202 2192 φαλαγγίων
1221 2113 1266 2168 κτὶ
1286 2117 1340 2170 τῶν

218 2207 337 2282 μυώπων
358 2207 403 2263 κεί
425 2211 481 2262 τῶν
501 2205 635 2282 μελισσῶν
656 2207 743 2272 οὕτως
763 2207 823 2264 εἰπε
841 2207 871 2264 τὸ
891 2207 985 2288 έγχρί
993 2231 1030 2266 ει·
1052 2208 1203 2290 πάνταγὰρ
1220 2231 1340 2290 μεταφο-

151 2319 182 2370 15
218 2310 297 2385 ρικῶς
311 2303 393 2383 λέγει.

255 2461 308 2522 κδ’.
330 2467 372 2539 Τῇ
394 2460 467 2518 καθ’
489 2462 591 2534 αὑτὴν
614 2459 754 2536 διεξόδῳ
773 2461 856 2520 ὥστε
879 2469 964 2520 πᾶσα
984 2465 1193 2542 κεντουμένη
1215 2464 1340 2547 κύκλῳ]

216 2562 273 2620 251
298 2559 337 2618 D.

254 2711 308 2781 Τὴν
331 2716 419 2766 πᾶσαν
441 2708 545 2781 κίνησιν
570 2707 654 2779 αὐτῆς
680 2707 808 2785 βούλεται
831 2707 959 2790 ἐμφῆναι.
987 2707 1096 2782 Ἐπειδὴ
1119 2710 1170 2790 γὰρ
1195 2717 1280 2768 πᾶσα
1301 2712 1342 2782 ἦν

215 2809 365 2888 πτερωτὴ
387 2813 459 2865 πᾶσιν
480 2805 527 2864 ούν
546 2807 750 2882 κεντουμένη
772 2807 818 2864 κεί
840 2805 996 2885 βουλομένη
1020 2806 1091 2883 μηδὲ
1111 2807 1193 2888 μέρος
1211 2831 1237 2866 τι
1256 2809 1340 2881 αὐτῆς

150 2914 183 2964 20
217 2907 427 2979 ένττύθεείναι,
451 2905 561 2970 εἰκότως
581 2903 706 2986 οἰστρᾷ,
729 2905 785 2962 ἀντὶ
803 2911 851 2962 τοῦ
871 2904 1005 2981 ἄδημονεῖ
1025 2906 1136 2964 ἐκείνων
1151 2906 1277 2989 έφιεμένη
1295 2909 1341 2964 καί

217 3003 438 3081 μνημονεύουσα.
459 3038 499 3048 -
517 3003 647 3082 Οίστρᾷ·
669 3001 735 3083 ὅπερ
755 3003 906 3082 ἀνωτέρω
927 3005 1020 3062 εἶπεν
1038 3005 1218 3077 ἀνακηκίει
1236 3007 1281 3063 κεί
1295 3005 1341 3064 έν-

215 3106 341 3175 θουσιᾷ,
357 3106 402 3158 νῦν
418 3101 534 3182 οἰστρᾷ
548 3100 632 3158 εἶπεν.
648 3135 687 3144 -
702 3099 880 3159 Ὀδονᾶτοιι·
896 3107 980 3160 τοῦτο
994 3103 1097 3178 σημεῖά
1110 3103 1167 3160 ἔστι
1179 3111 1228 3176 τῆς
1242 3104 1339 3176 λύπης·

215 3201 294 3258 εἶπον
312 3201 364 3279 γὰρ
383 3197 438 3271 ἤδη
451 3199 492 3256 δτι
506 3201 556 3270 τὴν
571 3194 646 3274 μῖξιν
663 3197 793 3276 βούλεται
807 3209 988 3280 περιστῆσαι·
1004 3198 1044 3258 διὸ
1061 3203 1222 3277 μεμνημένη
1238 3200 1281 3260 διὰ
1294 3209 1341 3260 τοῦ

214 3297 335 3364 κάλλους
347 3303 402 3356 τῶν
417 3302 535 3370 νοητῶν,
549 3299 706 3377 γέγηθεν·
725 3297 832 3356 έπειδίιν
848 3297 876 3356 δέ
889 3299 991 3380 χωρίς
1007 3299 1089 3357 αύτοῦ
1104 3301 1253 3380 γένηται,
1270 3299 1341 3359 ὀδυ-

151 3404 182 3455 25
219 3394 572 3471 νᾶτοικεὶᾶδημονεῖ.

255 3555 291 3616 λ’.
316 3554 368 3612 Ἐκ
389 3553 422 3613 δέ
442 3553 651 3636 ἀμφοτέρων]
675 3555 730 3614 251
755 3553 794 3613 D.

257 3701 305 3757 ’Ἐκ
323 3722 351 3758 τε
369 3709 420 3771 τῆς
442 3702 556 3775 μνήμης
576 3705 623 3756 τού
644 3699 731 3756 καλοῦ
749 3703 795 3756 καί
815 3700 845 3756 ἐκ
859 3710 909 3772 τῆς
925 3698 1096 3768 ἀποτεύξεως
1112 3702 1227 3774 ἐκείνου,
1248 3704 1341 3776 ἐπειδὴ

218 3796 324 3855 ούδέπω
345 3789 522 3875 κετεδρύξστο
542 3795 636 3867 αὐτοῦ,
660 3794 722 3853 ούδέ
742 3797 869 3876 πείρεστιν
889 3798 957 3873 κύτῇ
980 3798 1069 3856 έκεῖνο
1090 3801 1120 3856 τὸ
1141 3799 1242 3882 έφετὸν,
1267 3799 1343 3875 οἰδη-

220 3901 316 3973 μονεῖ
326 3895 371 3951 καὶ
385 3893 520 3965 λυπεῖται,
537 3881 602 3974 ὅπερ
618 3889 761 3970 ουμύκίνει
777 3894 820 3952 έπί
834 3895 951 3952 πάντων·
969 3899 1026 3955 οἷον
1042 3897 1087 3955 έοίν
1101 3921 1141 3964 τις
1157 3899 1204 3979 έρᾷ
1219 3898 1343 3960 διδασκά-

156 4001 186 4051 30
219 3995 270 4054 λου
284 3991 431 4074 φιλοσόφου
447 3991 474 4048 έν
489 3991 545 4066 ύσῳ
560 3989 617 4073 ἔχει
630 3992 708 4050 εύτὸν
721 3993 873 4073 πράττοντα
888 3996 960 4074 αύτῷ
974 3997 1021 4054 κεί
1038 3997 1248 4079 ἀποκληρούντοι
1262 4000 1343 4057 αύτού

250 4206 279 4258 11
300 4207 362 4264 τινές
385 4205 491 4255 Βεεειι.
515 4203 548 4256 tr.
572 4203 616 4266 ³73
642 4205 771 4254 Μειιεειε.
797 4205 893 4257 Ροοιο.
916 4206 962 4258 alii
1025 4208 1056 4258 13
1077 4213 1172 4278 έγχρίιι
1193 4237 1223 4248 -—
1247 4211 1278 4262 14
1300 4229 1345 4276 με-·

219 4281 314 4398 ἐξοιστέον
328 4275 437 4339 iamed.
451 4275 566 4326 Βυιιιιιι.
579 4275 614 4324 ad
628 4273 696 4326 Tim.
711 4289 735 4339 p.
750 4277 795 4326 104
806 4291 839 4327 ex
855 4277 876 4328 Ρ
940 4279 970 4329 18
984 4279 1079 4332 ο1.211
1094 4279 1116 4330 Β
1179 4281 1208 4334 21
1227 4283 1344 4350 ἀνωτέρω

251 4476 298 4526 Nc
314 4475 328 4528 1
345 4468 361 4550 ᾖ
376 4474 449 4526 rubr.
465 4477 488 4522 Α
551 4472 566 4522 2
584 4472 710 4524 αύαίνετοιι
725 4471 760 4523 εί.
777 4473 831 4532 184,
846 4474 860 4524 1
923 4474 1059 4540 τουτέστιν]
1072 4495 1098 4527 τε
1108 4479 1146 4526 A·
1207 4478 1223 4530 6
1239 4479 1255 4540 ἠ
1269 4478 1343 4529 rubr.

221 4552 245 4599 Α
309 4549 419 4621 16τῄ,ι
438 4545 511 4594 rubr.
533 4547 556 4593 A
620 4545 722 4611 διεξόδῳ
747 4557 802 4594 non
823 4545 961 4597 hioPlalo
1025 4547 1055 4598 19
1073 4546 1106 4612 μὴ
1122 4548 1186 4600 &A
1234 4543 1345 4615 ’22η-

222 4627 280 4686 μεῖα
298 4622 349 4671 έστί
368 4623 392 4668 Α
454 4617 484 4666 23
502 4611 583 4678 εἰπον]
603 4611 657 4666 εἰπε
675 4616 703 4664 Μ
770 4619 833 4680 μίξιν
851 4616 914 4670 libri
978 4621 1017 4670 διὸ
1034 4619 1186 4687 μεμνημένη]
1206 4622 1345 4686 διοιμεμνη-

224 4692 362 4756 μένηςΜε
381 4687 567 4752 διομτμνημένη
585 4685 609 4734 D
672 4685 784 4748 261κ,έ
801 4687 916 4741 rubr-A
981 4687 1016 4755 δέ]
1035 4689 1064 4754 δὴ
1085 4691 1113 4741 Μ
1179 4691 1294 4761 ἰίὓσύτῷ
1315 4693 1342 4744 Μ

222 4762 321 4816 ιιύτούῖἰ
