3538 5686
452 567 483 622 44
827 559 969 612 mmor
991 559 1187 616 ΦΙΛΟΣΟΦΟΥ

373 719 422 787 [8¹1
498 709 544 789 με’
568 713 627 786 παι
651 711 702 770 σοι
726 698 804 794 ιρι]
827 713 885 772 235
910 711 949 777 υ.
973 767 977 776 .

492 857 527 914 Τὸ
543 857 591 933 μέν
606 853 755 936 λεγόμενον
768 859 902 913 τοιοῦτον·
919 857 950 913 οί
969 855 1063 914 έννέα
1081 853 1244 937 έρχοντες
1263 853 1327 935 παρ’
1352 853 1502 928 ’Δθηνσίοις
1517 857 1535 914 θ’
1545 879 1578 916 τε

454 955 631 1035 πολέμαρχος
643 952 688 1010 καί
704 956 719 1010 ὑ
734 951 860 1032 βασιλεὺς
875 953 921 1010 καί
937 953 1106 1030 όέπιθνυμος
1119 959 1168 1012 τοῦ
1183 953 1304 1012 ἐνιαυτοῦ
1313 957 1358 1011 καί
1368 955 1394 1011 οί
1404 952 1578 1031 θεσμοθέται

453 1049 513 1110 κατ’
530 1051 650 1108 ένιαυαδν
662 1051 854 1127 καθιστάμενοι
868 1048 977 1126 ὤμνυον
989 1048 1154 1131 μηδένπαρίι
1162 1051 1193 1108 τὸ
1201 1051 1280 1132 όρθόν
1290 1049 1400 1132 πρᾶξαι·
1410 1053 1433 1111 εί
1443 1051 1472 1110 δέ
1480 1075 1578 1134 φωρα·

408 1159 423 1208 5
454 1151 544 1215 θέντες
559 1145 666 1229 ἔτυχον,
681 1155 720 1224 τῷ
734 1147 888 1207 ’Λπόλλωνι
903 1147 947 1232 [ἐκ
961 1145 1123 1231 καταδίκης]
1143 1149 1170 1207 έν
1190 1148 1306 1232 Δελφοῖς
1326 1148 1448 1228 ἔπεμπον
1464 1161 1576 1234 χρυσῆν

455 1248 562 1320 είκόνα,1
574 1247 616 1306 ἐπὶ
633 1245 765 1324 καταδίκῃ
783 1248 832 1322 μέν
848 1253 895 1304 τοῦ
911 1245 1055 1328 ἄρχοντος,
1068 1249 1246 1328 χαριστήριον
1261 1246 1290 1305 δέ
1303 1254 1343 1324 τῷ
1356 1247 1418 1326 θεῷ
1432 1252 1506 1332 παρὰ
1519 1259 1575 1323 τῆς

453 1345 572 1411 πόλεως.
590 1346 740 1403 Λίνίττεται
755 1343 783 1402 δέ
798 1335 841 1402 διό
854 1345 950 1402 τούτου
962 1345 1004 1402 ότι
1020 1367 1035 1400 ιι
1050 1344 1095 1402 έύν
1109 1367 1156 1420 μοι
1166 1345 1302 1404 καλλίονα
1315 1352 1363 1404 τοῦ
1375 1350 1472 1406 Λυσίου
1485 1346 1577 1428 λόχου

455 1442 541 1503 ἄλλον
557 1443 650 1521 είπῃς,
665 1451 718 1502 πᾶν
732 1444 763 1501 τὸ
778 1445 909 1502 εἰκονικὸν
923 1445 967 1501 καί
982 1442 1099 1524 ἐμφανές
1115 1449 1162 1501 τοῦ
1177 1444 1282 1519 κόσμου
1295 1444 1401 1510 κάλλος
1414 1439 1504 1522 έξθψω
1518 1455 1576 1519 τῆς

454 1541 574 1614 ἡλιακῆς
589 1543 713 1622 σφαίρας·
729 1565 743 1596 ο
760 1544 786 1599 οί
802 1543 854 1621 γὰρ
869 1540 969 1621 Δελφοί
981 1541 1057 1612 καὶὴ
1074 1541 1153 1598 Πυθὼ
1168 1539 1309 1618 σίμθολόν
1323 1543 1380 1600 ἐστι
1391 1551 1440 1616 τῆς
1453 1545 1578 1616 ἡλιακῆς

393 1647 424 1699 10
454 1639 581 1721 σφαίρας.
602 1645 686 1698 Τοῦτο
703 1637 750 1696 οὑν
770 1636 852 1712 δηλοῖ
870 1639 913 1696 ότι
932 1639 963 1696 τό
983 1636 1137 1712 ἐπιτήδειον
1157 1639 1195 1704 είς
1212 1639 1416 1716 κατακόσμησιν
1430 1641 1497 1721 ὑπερ
1516 1642 1577 1700 έστὶ

454 1740 486 1796 τὸ
500 1737 678 1814 πλημμελῶς
690 1737 861 1813 κινούμενον,
878 1737 1086 1812 ἀνατεινόμενον
1101 1735 1144 1794 ἐπὶ
1159 1738 1206 1794 τόν
1224 1738 1350 1818 χορηγὸν
1369 1743 1417 1796 τοῦ
1435 1739 1575 1813 κε’λλους,

455 1837 484 1902 θς
498 1836 595 1894 έστινό
612 1833 740 1913 βασιλεὺς
753 1835 835 1906 ἥλιος
855 1834 882 1892 έν
894 1837 918 1910 ᾧ
932 1835 977 1892 καί
996 1836 1010 1891 ό
1030 1833 1185 1909 Ἁπόλλων,
1207 1835 1327 1894 έντεῦθεν
1345 1843 1575 1912 κατακοσμεῖται.

456 1941 530 1994 ίίῖισα
546 1936 598 2014 γὰρ
615 1937 634 2005 ἡ
654 1931 756 2011 γένεσις
772 1933 817 1990 καὶ
838 1935 852 1988 ὑ
870 1933 997 2006 αίσθητὸς
1016 1931 1131 2010 κόσμος,
1153 1933 1181 2000 θς
1200 1933 1271 1991 ἔστιν
1290 1934 1370 1992 εἰκὼν
1389 1939 1437 1992 τοῦ
1458 1940 1575 2006 νοητοῦ,

454 2032 616 2092 καλλύνεται
637 2033 681 2090 καί
702 2032 891 2112 λαμπρύνεται
911 2031 941 2088 έκ
961 2037 1008 2089 τοῦ
1031 2031 1163 2090 δεσπότου
1183 2032 1275 2104 ἡλίου.
1294 2068 1334 2077 -
1354 2034 1389 2092 Τὸ
1411 2031 1440 2090 δὲ
1461 2035 1578 2108 ίσομέ-

393 2134 423 2187 15
454 2153 575 2214 τρητον
595 2127 688 2202 ἐπειδὴ
709 2126 859 2205 ὁμοιότητά
877 2151 936 2187 τινα
954 2125 1013 2210 έχει
1031 2131 1062 2187 τὸ
1082 2129 1196 2211 έμφανὶς
1214 2132 1259 2188 καὶ
1278 2131 1309 2189 τό
1324 2133 1455 2190 είκονικόν
1468 2131 1578 2197 κέλλος

453 2231 521 2311 πρὸς
539 2229 570 2287 τὸ
590 2230 689 2301 νοητόν
707 2229 751 2286 καί
772 2230 829 2286 οῖον
850 2227 909 2286 ίσον
928 2227 999 2286 ἐστίν
1019 2229 1093 2303 αύτῷ
1110 2229 1177 2286 κατὰ
1195 2228 1354 2308 ἀναλογίαν·
1369 2230 1401 2288 ού
1415 2230 1467 2311 γὰρ
1481 2231 1575 2308 πάντῃ

455 2327 627 2409 ἀπέσχισται.

496 2479 555 2559 μγζ
583 2479 641 2537 Καὶ
664 2483 730 2535 τῶν
754 2478 811 2553 μὶν
833 2477 995 2535 τοιούτων
1019 2475 1054 2533 οὑ
1078 2445 1305 2558 τὴνιεὺρεσιν]
1329 2473 1388 2534 236
1412 2475 1450 2540 Α.

494 2626 634 2678 Τοιαῦτα
664 2619 713 2695 μὶν
735 2619 781 2676 καί
809 2617 969 2676 τοιούτων
996 2617 1072 2695 λέγει
1095 2619 1239 2697 <περί>
1264 2623 1319 2675 τῶν
1344 2617 1508 2696 ἀναγκαίων,
1534 2619 1577 2674 ὧν

393 2731 424 2782 20
454 2720 540 2799 χωρὶς
560 2717 592 2776 οὑ
613 2717 721 2776 δυνατόν
741 2718 821 2775 εἶναι.
837 2715 903 2795 Τρία
917 2716 968 2796 χείρ
988 2715 1043 2772 ἐστι
1063 2721 1156 2772 ταῦτα·
1180 2715 1325 2794 ἀναγκαῖα,
1341 2717 1443 2794 αίρετίι,
1460 2716 1575 2794 φευκτά.

350 2821 441 2872 1029v·
454 2818 492 2873 Τὰ
517 2817 565 2897 μέν
587 2814 635 2874 οὑν
656 2816 754 2897 φευκτὰ
769 2813 800 2871 οὑ
817 2814 986 2892 βουλόμεθα·
1009 2815 1043 2870 τὰ
1062 2811 1091 2870 δέ
1107 2814 1200 2893 αἱρετὰ
1219 2815 1305 2894 εὑρεῖν
1323 2814 1329 2894 Ι
1349 2813 1510 2891 βουλόμεθα
1528 2814 1577 2869 καί

455 2914 580 2996 εὑρόντες
592 2917 712 2994 χρῆσθαι
726 2913 817 2976 αὑτοῖς
834 2911 961 2976 δεόντως·
978 2912 1011 2968 τὰ
1026 2909 1055 2968 δὲ
1069 2911 1203 2990 ἀναγκαῖα
1224 2904 1252 2977 ἐξ
1269 2911 1389 2990 ἀνάγκης
1407 2907 1511 2992 ἔχομεν
1529 2913 1579 2968 καί

456 3013 487 3070 ού
506 3011 640 3088 δυνάμεθα
660 3014 698 3088 μὴ
717 3009 813 3070 θέλειν
833 3010 910 3068 αὑτό·
932 3008 972 3066 διό
992 3009 1023 3066 ού
1041 3009 1206 3090 μεμφόμεθα
1223 3011 1269 3067 τὸν
1289 3007 1389 3090 έχοντα
1404 3009 1482 3081 αὑτὰ,
1499 3009 1577 3068 ἀλλὰ

455 3111 503 3168 τὸν
516 3114 606 3174 κακῶς
620 3108 711 3174 αὑτοῖς
726 3107 872 3189 χρώμενον
885 3107 931 3164 καὶ
945 3111 1036 3172 κακῶς
1050 3104 1200 3164 διατιθέντα
1215 3107 1293 3179 αὑτὰ,
1310 3109 1368 3164 οἷον
1388 3108 1438 3177 τήν
1456 3108 1574 3186 τρυφήν·

393 3220 424 3270 25
456 3207 487 3266 τδ
508 3205 535 3265 δέ
554 3206 688 3288 συμφέρον
707 3213 825 3279 εαυτοῖς,
841 3204 962 3262 τουτέστι
980 3207 1010 3262 τὸ
1031 3205 1149 3284 αἱρετὸν,
1169 3205 1214 3262 καί
1232 3207 1321 3285 εὑρεῖν
1335 3203 1461 3280 θέλομεν
1480 3205 1525 3261 καί
1543 3204 1575 3263 εὑ

455 3307 574 3388 χρῆσθαι
594 3305 678 3380 αύτῷ·
701 3307 745 3360 καί
765 3305 813 3362 τὸν
834 3303 862 3361 έν
882 3309 938 3367 τοῖς
960 3303 1071 3382 ἀπόροις
1093 3303 1139 3360 καὶ
1160 3301 1296 3384 χαλεποῖς
1318 3308 1399 3360 τοῦτο
1424 3301 1575 3377 δυνάμενον

455 3409 544 3461 ποιεῖν
559 3401 659 3484 σφόδρα
675 3403 845 3479 ἐπαινοῦμεν,
863 3403 901 3466 ιὺς
920 3400 1013 3480 τόνγε
1032 3403 1070 3476 μὴ
1085 3401 1249 3482 εὑρίσκοντα,
1266 3401 1284 3472 ἢ
1302 3401 1414 3481 εὑρόντα
1431 3406 1523 3464 κακῶς
1544 3399 1575 3458 δὲ

455 3501 613 3583 χρώμενον,
629 3500 869 3576 πένυκακίζομεν,
894 3525 909 3556 «
926 3499 1084 3579 ’Λναχκαῖον
1106 3499 1152 3558 οὑν
1175 3499 1229 3558 ἐστι
1250 3501 1295 3556 καί
1315 3499 1389 3574 έμοί,
1410 3497 1505 3571 Λυσία,
1526 3499 1574 3554 καί

487 3719 555 3772 201.
566 3719 651 3770 schol.
666 3717 713 3769 2³5
728 3717 751 3767 D
766 3719 802 3783 (p.
818 3715 865 3768 266
881 3717 986 3779 Hem!

487 3852 548 3903 TlT
564 3854 580 3905 2
597 3871 638 3916 ση.
653 3851 697 3910 τας
711 3854 737 3903 έν
753 3850 871 3916 Ἀθήναις
885 3850 965 3918 ιίρχὰς
980 3849 1001 3900 C

488 3985 535 4038 Nc
551 3987 565 4035 1
581 3987 634 4046 καί,
648 4005 664 4036 κ
676 3985 750 4035 rubr.
765 3987 790 4034 Λ
853 3983 869 4034 2
882 3984 945 4051 παρ’
967 3985 1139 4048 Ἀθηναίοις...
1164 3982 1178 4032 3
1192 3985 1336 4048 θεσμοθέται
1349 3995 1404 4033 om.
1422 3980 1507 4034 schol.

457 4060 529 4111 θεοῦ
544 4060 657 4109 ἐνιαυτοῦ
673 4070 727 4107 om.
744 4054 773 4105 M
836 4055 971 4120 Λμηδλν...
991 4053 1093 4122 πρᾶξαι]
1114 4054 1148 4118 μὴ
1167 4054 1355 4122 παρανομήσειν
1374 4053 1459 4105 schol.
1519 4055 1572 4105 εί...

456 4131 471 4180 5
484 4127 582 4196 ίτυχον]
597 4129 618 4180 εί
633 4128 658 4180 δέ
673 4130 807 4194 φωραθεῖεν
824 4127 909 4178 schol.
973 4125 1004 4192 εί]
1019 4129 1045 4178 οί
1059 4127 1089 4177 Μ
1152 4128 1167 4176 5
1184 4129 1212 4178 έκ
1225 4128 1361 4189 καταδίκης
1374 4133 1409 4193 τῷ
1428 4125 1573 4178 ’Λπόλλωνι

456 4204 560 4266 πέμπειν
578 4201 662 4251 είκόνα
682 4207 777 4266 χρυσῆν
794 4198 880 4250 schol.
897 4201 925 4250 ἐκ
944 4201 1031 4250 καταό.
1051 4197 1154 4249 seclusi
1216 4198 1289 4260 Ὶεῆς
1303 4194 1409 4261 πόλεως]
1429 4197 1573 4260 ’Λθηναίων

457 4271 541 4322 schol.
607 4270 638 4320 12
654 4264 684 4340 ᾧ]
700 4279 736 4338 νῷ
756 4271 784 4320 Μ
850 4271 880 4319 16
895 4265 953 4321 ίσον
970 4273 994 4321 Λ
1057 4268 1089 4320 18
1104 4271 1186 4330 καί,κ
1205 4268 1279 4320 rubr.
1295 4271 1320 4318 Λ
1384 4267 1414 4317 19
1427 4276 1476 4319 τῶν
1491 4269 1573 4334 ἀναγ-

456 4342 546 4408 καίων]
561 4345 687 4410 ἀναγκαία
707 4343 735 4392 Μ
750 4343 806 4409 περὶ
820 4341 913 4391 addidi
926 4353 960 4391 ex
974 4339 1059 4392 schol.
1083 4341 1129 4391 236
1150 4343 1174 4392 Α
1200 4343 1235 4404 (p.
1256 4340 1302 4390 266
1320 4339 1356 4401 H)
1420 4337 1452 4389 2⁰
1466 4341 1571 4390 δυνατόν

457 4416 529 4475 <τδν
543 4411 666 4479 λόγον>ί
715 4411 790 4478 οἐστι]
805 4415 853 4464 είσι
868 4411 898 4461 Μ
960 4411 990 4462 21
1008 4410 1099 4478 εὑρεῖν]
1115 4416 1193 4479 αίρεῖν
1208 4411 1237 4461 Μ
1301 4409 1332 4460 22
1349 4411 1439 4477 έχομιν
1454 4408 1570 4473 scripsi:

457 4487 564 4553 ἔσχομεν
578 4486 639 4537 libri
702 4486 733 4536 27
751 4485 793 4550 μὴ]
815 4485 863 4550 μὴν
880 4485 933 4535 M:
954 4485 997 4548 μέν
1016 4487 1074 4534 Aer
1136 4484 1168 4534 28
1183 4486 1225 4536 καί
1240 4485 1325 4534 Λυσία
1340 4483 1369 4532 Μ
1386 4483 1446 4547 (ίστι
1465 4485 1509 4533 καί
1529 4501 1572 4546 μοι

458 4561 542 4610 Λυσία
565 4557 607 4622 Β).
635 4558 668 4608 ln
694 4556 798 4608 scholio
823 4556 949 4622 legitur:
975 4550 1029 4607 οίον
1060 4557 1197 4621 ἀναγκαῖόν
1225 4559 1276 4607 ἐστι
1302 4556 1354 4606 καί
1386 4555 1488 4624 Λυσία
1518 4555 1573 4604 καί

458 4629 617 4698 Σωκράτει
636 4632 679 4682 καί
697 4634 760 4681 πᾶσι
778 4633 829 4687 τοῖς
847 4624 998 4692 κατὰφύσιν
1022 4627 1111 4694 ’έχουσι
1128 4628 1157 4678 τό
1173 4630 1253 4694 λέγειν
1268 4630 1302 4685 ὡς
1321 4629 1334 4676 ό
1352 4629 1416 4694 ἐρῶν
1431 4625 1573 4676 ἀκόλαστον

457 4701 537 4766 ίριοτα
553 4702 673 4764 μαίνεται,
692 4699 746 4752 όδέ
764 4697 798 4764 μὴ
816 4701 925 4750 τοῦτον
945 4702 1008 4764 ἐρῶν
1026 4703 1151 4766 σωφρονεῖ
