3538 5686
441 600 473 652 ⁴6
812 587 953 640 Errrssror
974 586 1170 639 ΦΙΛΟΣοΦοΥ

359 737 410 806 [⁸21
442 733 552 815 εἴρηται
571 741 626 794 τῶν
638 733 831 793 παλαιόντων·
855 733 971 814 φανερὸς
993 733 1045 812 γάρ
1066 755 1106 797 τις
1131 732 1288 814 ἀφορίζεται
1308 733 1392 798 τόπος
1413 733 1441 792 ἀν
1464 738 1488 811 ᾦ
1510 757 1563 794 πα-

442 832 575 905 λαίουσιν,
599 835 658 892 οίσν
680 831 851 916 τετράγωνον
874 830 1094 912 πεπληρωμένον
1116 831 1243 907 ψάμμου·
1271 832 1295 889 εί
1315 829 1412 905 συνέῦη
1432 832 1480 890 οῦν
1499 833 1564 899 τοῦς

439 929 607 996 παλαίοντας
623 931 746 990 ἐκπεσεῖν
759 935 808 988 τοῦ
822 929 1004 1012 τετραγώνου,
1017 929 1124 988 τοιόνδε
1133 937 1231 1011 σχῆμα
1244 930 1270 988 έν
1284 936 1325 1006 τῷ
1338 928 1467 990 παλαίειν
1481 931 1559 1013 ἀχυν·

443 1050 489 1094 τας
503 1031 561 1088 οἷον
575 1029 594 1101 ἢ
607 1028 880 1110 περιπεπλεγμένσυς
894 1027 957 1096 τοῦς
967 1025 1053 1096 πόδας
1066 1027 1084 1100 ἢ
1098 1031 1133 1087 τά
1142 1035 1216 1086 νῶτα
1225 1031 1390 1110 κατέχοντας
1399 1035 1447 1087 τοῦ
1457 1032 1561 1112 ἀτέρου,

395 1131 411 1180 5
442 1127 577 1186 ἐνίσταντο
595 1127 751 1192 ἐκπεσόντες
770 1131 818 1184 τοῦ
835 1125 1008 1207 τετραγώνου
1026 1127 1072 1186 τεαὶ
1087 1126 1209 1210 ἤρχοντο
1224 1127 1267 1185 ἀπὶ
1283 1129 1315 1186 τδ
1330 1129 1501 1208 τετράγωνον
1516 1129 1563 1186 καί

442 1223 564 1284 ἐδίδοσαν
583 1227 686 1292 ἑαυτοῖς
705 1226 736 1282 τὸ
756 1223 822 1282 αῦτδ
836 1233 934 1305 σχῆμα
949 1233 998 1298 τῆς
1011 1223 1104 1298 πάλης
1119 1227 1135 1284 θ
1151 1227 1229 1308 τίχον
1244 1226 1290 1285 δἐι
1306 1219 1439 1298 ἀξέπεσον,
1455 1227 1514 1284 οἷον
1529 1227 1563 1284 τά

442 1329 515 1381 νῶτα
532 1325 657 1404 κατέχειν
676 1323 694 1396 ἢ
713 1321 930 1403 πιριπεπλέχθαι
948 1321 1009 1388 τοῦς
1027 1321 1123 1398 πόδας,
1144 1325 1190 1382 καί
1210 1324 1295 1392 οίίτως
1309 1317 1338 1392 ἀζ
1351 1326 1476 1406 ὑπαρχῆς
1495 1324 1563 1382 ἐπά-

442 1419 531 1478 λαιον·
549 1422 595 1478 καὶ
609 1425 689 1479 τοῦτο
703 1415 758 1478 ’ἐστι
773 1422 803 1478 τό
820 1419 868 1485 τίς
881 1421 938 1484 τάς
955 1421 1074 1495 ὁμοίας
1087 1417 1200 1486 λαθάς.
1216 1422 1252 1479 Τό
1265 1419 1294 1478 δὲ
1310 1427 1375 1480 τῶν
1388 1420 1564 1498 κωμῳδιο-

441 1525 557 1591 ποιῶν,
573 1517 665 1590 ἐπειδὴ
681 1517 748 1598 ὅπερ
760 1522 775 1576 6
790 1518 898 1599 ἐρωτῶν
912 1519 1008 1600 ἠρώτα
1023 1524 1104 1577 τοῦτο
1119 1522 1134 1577 6
1148 1521 1361 1600 ἀποκρινόμενος
1372 1526 1412 1594 τῷ
1426 1519 1565 1600 έρωτῶντ,

379 1621 411 1671 10
441 1617 472 1674 τὸ
492 1615 558 1674 αὐτὸ
576 1614 768 1696 ἀλεγενροῖυν·
791 1614 927 1674 «δέδωκά
945 1639 988 1675 σοι
1009 1623 1101 1675 τοῦτο·
1120 1641 1134 1674 ιι
1158 1618 1218 1676 εἶτα
1237 1617 1348 1683 ἀκτῖνος
1368 1643 1382 1673 ι
1402 1615 1507 1674 δέδωκά
1522 1637 1565 1674 σοι

441 1721 531 1776 τοῦτο.
549 1739 562 1770 υ
586 1715 666 1795 Λέγει
688 1715 737 1790 μὲν
758 1715 788 1772 τό
811 1714 938 1794 ἀνωτέρω
958 1715 1114 1798 εἰρημένον·
1138 1716 1205 1796 όπερ
1224 1718 1276 1797 γάρ
1297 1719 1311 1774 ό
1333 1717 1481 1798 Σωκράτης
1504 1715 1564 1773 είπε

440 1814 501 1893 περὶ
519 1811 649 1889 Φαίδρου,
672 1814 913 1893 σχηματιζομένου
935 1819 983 1871 τοῦ
1007 1813 1128 1894 Φαίδρου
1155 1816 1194 1891 μὴ
1220 1813 1348 1873 δῦνασθαι
1371 1813 1473 1894 λέγειν·
1499 1839 1513 1869 ιι
1534 1813 1564 1871 εί

443 1911 506 1991 ἐγὼ
526 1910 670 1992 Φαῖδρον
690 1912 798 1989 ἀγνοῶ
816 1913 872 1969 καί
891 1911 1039 1987 δμαυτοῦ
1059 1913 1302 1990 ἐπιλέλησμαι,
1321 1939 1335 1968 υ
1357 1917 1436 1971 τοῦτο
1456 1913 1500 1970 καί
1516 1917 1563 1968 νῦν

335 2019 428 2072 Μοι·
443 2030 525 2089 ρησιν
539 2011 554 2065 6
569 2007 685 2089 Φαῖδρος
697 2011 759 2090 περὶ
774 2009 932 2090 Σωκράτους
947 2010 1049 2089 λέγειν·
1069 2011 1074 2090 Ι
1095 2035 1108 2067 ιι
1127 2011 1155 2069 εί
1175 2011 1239 2091 ἐγὼ
1258 2013 1437 2092 Σωκράτην
1453 2011 1562 2090 ἀγνοῶ

381 2111 412 2162 15
442 2110 498 2165 καί
518 2108 662 2182 ἐμαυτοῦ
682 2107 921 2184 ἐπιλέλησμαι.
940 2132 954 2164 υ
977 2107 1155 2167 Ἐνδείκνυται
1170 2107 1199 2166 δὲ
1213 2109 1266 2182 ότι,
1283 2109 1328 2168 ότε
1342 2111 1375 2167 τά
1392 2109 1563 2189 προελθόντα

442 2208 481 2271 εἷς
494 2207 540 2272 τὰς
553 2207 654 2270 οίκείας
671 2207 755 2288 ἀρχάς
774 2205 930 2286 ἀναδράμη,
952 2207 998 2273 είς
1017 2209 1075 2272 τάς
1094 2209 1215 2284 ὁμοίας
1233 2205 1336 2275 λαθάς
1356 2207 1467 2287 λέγεται
1481 2207 1559 2278 ίέναι,

443 2305 478 2370 ὡς
497 2303 542 2385 ἀρ’
556 2307 595 2361 ῶν
612 2305 752 2386 προῆλθεν
771 2306 809 2370 είς
831 2306 929 2371 ταύτας
947 2306 1159 2387 ἀποστρέψαντα.
1176 2341 1216 2352 -
1233 2309 1268 2365 Τό
1288 2306 1316 2364 δε
1329 2305 1500 2387 θρύπτεσθαι
1518 2307 1562 2362 καί

443 2403 658 2482 σχηματίζεσθαι
672 2403 718 2460 τὸν
733 2403 877 2482 Σωκράτη,
893 2403 930 2468 ὥς
943 2425 1010 2484 ρησι
1024 2403 1156 2484 Φαῖδρος,
1168 2405 1222 2486 οὐχ
1235 2406 1332 2480 όμοῖόν
1345 2405 1401 2462 ἔστι
1412 2409 1447 2480 τῇ
1459 2401 1563 2484 θρύψει

443 2505 490 2556 τοῦ
508 2497 635 2580 Φαίδρου·
658 2500 672 2556 6
692 2501 741 2574 μὲν
761 2502 812 2580 γὰρ
831 2498 951 2581 Φαῖδρος
971 2508 1010 2576 τῷ
1029 2499 1087 2560 ἀντι
1106 2502 1305 2583 έοχηματίζετο
1324 2505 1372 2560 ἀτε
1392 2501 1451 2566 νέος
1464 2501 1503 2558 ῶν
1517 2502 1561 2558 καῖ1

380 2597 412 2648 20
445 2595 536 2671 μόνοις
558 2603 615 2660 τοῖς
638 2590 689 2662 ἔξω
711 2596 815 2663 εἰωθώς
835 2599 941 2678 χαίρειν
961 2599 1007 2656 καὶ
1029 2599 1119 2657 ἐκεῖνα
1139 2597 1305 2675 θαυμάζειν,
1328 2602 1342 2656 6
1365 2598 1394 2656 δὲ
1416 2599 1562 2680 Σωκράτης

444 2693 644 2770 ἐκκαλούμενος
664 2696 711 2759 τάς
730 2695 833 2776 ἀρέσεις
846 2701 894 2754 τοῦ
909 2696 970 2756 νέου
983 2699 1028 2755 καὶ
1046 2699 1083 2764 είς
1097 2697 1186 2778 ἔρωτα
1198 2699 1244 2756 καὶ
1260 2698 1404 2773 έπιθυμίαν
1418 2697 1499 2755 αὐτὸν
1512 2719 1561 2754 κα-

444 2795 533 2857 θιστάς
554 2799 602 2850 τοῦ
623 2793 686 2873 παρ’
708 2794 781 2868 αῦτῖμ
802 2792 900 2856 καλοῦ.
920 2795 1004 2852 -Ἤ
1026 2795 1055 2854 δὲ
1078 2798 1124 2875 βία
1144 2803 1192 2855 τοῦ
1214 2796 1332 2878 Φαίδρου
1352 2798 1398 2854 καί
1420 2799 1451 2854 τό
1473 2797 1562 2874 λέγειν

443 2893 566 2964 <ότι>
582 2893 670 2967 μόνω
684 2893 757 2970 [μὲν]
774 2891 850 2951 ἀστόν
864 2895 909 2952 καὶ
928 2893 959 2951 ἐν
978 2896 1104 2974 ἠρεμίᾳ
1121 2897 1166 2952 καὶ
1187 2897 1406 2976 ἰσχυρότερον
1422 2895 1469 2952 καὶ
1484 2895 1562 2952 νεώ-

443 3011 551 3069 τερον,
571 2990 658 3047 πάντα
677 2995 761 3048 ταῦτα
780 2993 866 3050 οίκεῖα
885 2993 1008 3067 όνόματα
1027 2999 1083 3058 τοῖς
1102 2993 1208 3058 ἀνώλοις
1227 2995 1272 3051 καί
1288 2993 1402 3073 γεώδεσι
1418 2997 1463 3050 καῖ
1478 2995 1562 3068 μήπω

382 3087 412 3136 25
445 3087 609 3168 ἀνηγμένοις
629 3087 700 3164 μηδὲ
718 3088 941 3169 κεκαθαρμένοις,
963 3091 980 3147 ἀ
1000 3093 1107 3173 ὑπῆρχε
1122 3099 1162 3168 τῷ
1179 3091 1302 3172 Φαίδρῳ.
1319 3127 1359 3136 -
1372 3093 1407 3149 Τὸ
1422 3089 1451 3148 δὲ
1469 3091 1563 3149 αῦτο-

444 3184 629 3267 σχεδιάζων
644 3188 703 3244 ἀντίΙ
717 3193 776 3244 τοῦ·
794 3187 918 3268 ἀχρόνως
935 3187 1050 3268 ἐνεργῶν
1064 3191 1110 3247 καὶ
1125 3191 1304 3264 ἀπληθῦντως
1318 3192 1362 3250 καί
1378 3191 1497 3270 ἀμερῶς.

485 3363 549 3420 με’.
575 3345 747 3425 <Ἀγαθάν
769 3347 967 3428 ποιητήν>]
993 3351 1052 3407 236
1075 3349 1113 3408 Ι).

484 3488 615 3567 Ἀγαθὸν
634 3493 769 3562 ποιητὴν
788 3488 869 3548 καλεῖ
884 3493 931 3548 τὸν
945 3491 1045 3550 Λυσίαν
1061 3490 1105 3549 διά
1118 3494 1170 3562 τήν
1183 3490 1362 3550 καλλιὲπειαν
1376 3492 1413 3556 ὡς
1424 3489 1521 3571 ἔχοντά
1536 3511 1562 3547 τι

443 3587 527 3646 καλὸν
544 3587 614 3644 κατά
633 3589 683 3658 τήν
702 3589 838 3662 συνθήκην
856 3595 911 3645 τῶν
931 3588 1072 3667 ῥημάτων·
1088 3590 1176 3646 πάντα
1190 3591 1241 3670 γάρ
1258 3591 1367 3670 μετέχει
1381 3594 1430 3646 τοῦ
1449 3589 1563 3667 ἀγαθοῦ,

383 3711 414 3762 30
445 3686 512 3742 όπου
530 3687 574 3742 καὶ
594 3690 612 3758 ἡ
633 3687 699 3758 ῦλη·
721 3687 752 3744 οῦ
772 3688 823 3766 γάρ
842 3685 881 3744 ἔνι
899 3685 1014 3766 ἀκρατον
1034 3687 1128 3746 κακόν.
1146 3723 1184 3732 -
1198 3689 1233 3744 Τὸ
1252 3687 1281 3745 δὲ
1301 3688 1415 3763 όμνῦναι
1431 3687 1499 3744 κατά
1516 3695 1567 3759 τῆς

444 3781 580 3841 πλατάνου
600 3785 646 3842 τὸν
661 3783 778 3866 Φαῖδρον
793 3786 944 3861 ὁμοιότητα
958 3782 1017 3866 ἔχει
1029 3791 1068 3859 τῷ
1087 3792 1253 3866 Σωκρατικῷ
1268 3786 1340 3865 όρκιμ
1355 3793 1394 3860 τῷ
1407 3791 1456 3842 τοῦ
1470 3786 1561 3858 κυνὸς,

356 3922 381 3972 γ),
398 3907 428 3959 33
445 3883 491 3940 καὶ
506 3879 577 3940 ἔοικε
596 3881 664 3947 τέως
679 3886 746 3942 κατά
760 3890 840 3942 τοῦτο
855 3882 1016 3965 ώρελῆσθαι
1032 3887 1046 3942 ό
1064 3886 1070 3963 1
1088 3883 1206 3965 Φαῖδρος
1224 3883 1264 3949 εἰς
1279 3885 1432 3961 ὁμοιότητά
1445 3905 1504 3946 πως
1525 3889 1565 3957 τῷ

476 4113 710 4179 ἀκωμῳδιοποιῶν
731 4109 767 4162 cf.
784 4110 870 4162 schol.
890 4109 978 4161 2360
1007 4112 1042 4174 (p.
1062 4109 1108 4160 267
1132 4111 1238 4174 Herm.)
1303 4109 1333 4160 12
1355 4111 1406 4161 εί...
1430 4107 1461 4160 13
1483 4110 1565 4160 έπιλὲ-

446 4189 542 4252 λησμαι
555 4183 602 4234 228
618 4183 640 4234 Β

479 4297 526 4347 Nc
551 4298 566 4347 4
587 4294 838 4362 περιπεπλεγμίνυυς]
862 4297 1076 4362 περιπεπλεγμὲνα
1100 4295 1127 4344 Μ
1157 4293 1221 4356 (jam
1247 4297 1404 4344 correxerat
1429 4294 1495 4352 Aer)

447 4365 629 4420 5ἀνίσταντοθ
691 4367 722 4416 10
737 4364 820 4431 τοῦτο]
842 4369 898 4417 τόδε
921 4365 1007 4416 schol.
1072 4365 1102 4416 14
1118 4362 1209 4429 λέγειν]
1226 4366 1304 4428 λέγων
1319 4368 1379 4413 As'r
1442 4363 1463 4413 εί
1478 4354 1566 4428 ἀγὼῶ

446 4437 579 4506 Σώκρατες
595 4436 664 4488 Plat.
728 4435 852 4504 Σωκράτη
868 4436 937 4488 Plat.
1003 4437 1033 4487 17
1046 4433 1146 4501 ταῦτας]
1160 4439 1238 4486 ταῦτα
1256 4435 1284 4485 Μ
1348 4433 1380 4484 18
1395 4431 1519 4500 Σωκράτη
1536 4432 1565 4480 Μ

447 4509 477 4559 21
497 4512 540 4560 καί
564 4511 598 4568 τίς
619 4512 750 4573 ἐπιθυμίαν
772 4509 799 4558 Μ
864 4507 893 4557 23
916 4509 953 4559 ότι
972 4508 1064 4558 addidi
1128 4507 1171 4570 μὶν
1193 4506 1295 4557 seolusi
1358 4503 1440 4567 ἀστὸν]
1460 4500 1524 4554 είναι
1537 4501 1566 4550 Μ

448 4578 532 4643 (ἐσμέν
555 4581 580 4632 δά
603 4585 671 4644 μόνω
695 4585 721 4632 ἀν
743 4583 833 4650 έρημίρ
857 4579 938 4642 plat.)
1001 4581 1043 4629 καί
1061 4578 1097 4642 ἐν]
1115 4580 1157 4629 καί
1175 4577 1286 4628 evanid.
1300 4576 1367 4626 inA
1432 4575 1463 4624 24
1480 4572 1567 4638 μήπω]

448 4652 504 4715 μηδ’
532 4651 562 4703 Μ
624 4651 656 4702 26
686 4647 857 4716 ἀπληθῦντως]
885 4652 1071 4713 ἀπληθυντικῶς
1099 4653 1157 4699 Αετ
1219 4647 1249 4698 27
1277 4648 1382 4700 lemma
1412 4643 1504 4696 addidi

445 4721 478 4772 28
495 4724 598 4788 ἀγαθόν,
616 4723 632 4774 ἀ
646 4723 720 4774 rubr.
734 4725 758 4774 A
