3604 5690
352 567 398 620 236
739 560 880 611 spissior
898 559 1095 610 ΦΙΛΟΣΟΦΟΥ

255 722 320 790 [190]
352 724 525 806 διαιρετικήν·
541 732 621 784 τοῦτο
637 725 664 786 δέ
681 729 725 785 καὶ
741 727 768 784 ἐν
783 724 924 803 Φιλήθῳ
938 729 984 786 καὶ
1001 727 1028 784 ἐν
1044 727 1211 805 Πολιτικῷ
1225 733 1311 799 ποιεῖ,
1328 725 1417 804 λέγων
1432 725 1473 782 ότι

352 823 440 904 δῶρον
460 824 489 882 ἐκ
507 830 580 883 ,θεῶν
601 826 640 890 εἷς
660 825 816 906 ἀνθρώπους
835 825 879 884 διά
898 825 1065 906 Προμηθέως
1085 823 1164 898 ἐδόθη
1179 828 1197 895 ή
1214 822 1371 904 διαιρετικὴ,
1386 823 1432 880 καί
1447 823 1474 881 ἐν

355 928 499 1002 Σοφιστῇ
515 921 543 980 δὲ
557 919 839 1004 άμφι6ληστρικῷ
859 925 965 1004 δργάνῳ
979 922 1118 992 ἀπεικάζει
1129 923 1224 996 αὐτήν.
1242 923 1278 979 Οὐ
1294 923 1345 1003 γάρ
1363 921 1473 980 δυνατὸν

275 1065 278 1070 ,
353 1019 428 1102 ’ἐχειν
442 1021 595 1096 ἐπιστήμην
609 1023 773 1101 πραγμάτων
789 1021 850 1080 άνευ
864 1032 915 1094 τῆς
931 1021 1097 1101 διαιρέσεως.

308 1178 322 1226 θ
394 1173 468 1255 ραι-η’,
492 1175 545 1240 Εἷς
565 1176 597 1232 ’ἑν
617 1175 672 1232 καὶ
693 1175 744 1233 ἐπὶ
764 1174 881 1256 πολλά]
904 1176 962 1234 266
985 1174 1021 1234 Β,

392 1314 516 1372 Τουτέστι
532 1339 546 1370 ιι
560 1317 606 1374 τὸν
620 1313 769 1392 δυνάμενον
781 1319 830 1387 τήν
841 1316 919 1396 φάσιν
931 1321 987 1372 τῶν
998 1315 1166 1395 πραγμάτων
1180 1313 1301 1372 κατιδεῖν
1315 1313 1472 1390 μεταδιώκω

354 1413 393 1477 ὡς
415 1412 491 1471 sads.
507 1436 522 1468 »
545 1410 780 1476 Διαλεκτικοθς
802 1411 831 1470 δέ
851 1412 932 1471 καλεῖ
953 1413 983 1470 οὗ
1004 1411 1068 1476 τοὺς
1091 1410 1197 1478 είδότας
1222 1412 1303 1487 μόνον
1322 1411 1386 1475 τοὺς
1409 1412 1473 1490 περὶ

352 1513 427 1585 ἡμᾶς
447 1509 559 1590 λόγους,
576 1508 649 1568 ἀλλὰ
666 1511 728 1576 τοὺς
741 1509 902 1585 δυναμένους
917 1511 949 1568 τά
963 1511 1049 1583 νοητά
1064 1509 1126 1583 είδη
1143 1511 1180 1574 είς
1193 1508 1288 1569 πολλά
1303 1507 1413 1590 διαιρεῖν
1426 1509 1473 1566 καὶ

355 1610 392 1674 είς
404 1609 433 1666 ἓν
448 1608 562 1686 ἀνάγειν,
577 1611 697 1668 τουτέστι
710 1609 773 1674 τοὺς
788 1612 908 1680 τὴντῶν
923 1607 1002 1666 ίδεῶν
1017 1608 1132 1681 έκάστην
1147 1606 1340 1688 διακρίνοντας.

291 1760 323 1812 10
394 1757 465 1840 ρπθζ
488 1764 589 1816 Τανῦν
610 1757 747 1840 δὲπαρά
768 1767 824 1818 σοῦ
846 1759 891 1844 τε]
914 1761 973 1819 266
994 1760 1030 1820 C.

395 1900 545 1982 Πληριόσας
560 1903 593 1959 τά
607 1904 669 1981 περὶ
681 1897 730 1974 τῆς
740 1901 858 1976 ἀληθοῦς
872 1905 1030 1984 ῥητορικῆς,
1046 1902 1142 1979 μέλλει
1157 1900 1312 1962 είσθάλλειν
1326 1903 1366 1968 τίς
1379 1902 1411 1959 τά
1425 1909 1474 1974 τῆς

355 1997 512 2075 δημώδους,
532 2002 578 2058 καὶ
596 1999 700 2080 ἰοτορία
721 2001 860 2076 ὀνομάτων
880 2004 926 2059 καὶ
945 2001 1144 2082 καταρίθμησίς
1167 2002 1221 2060 ἐστι
1240 2007 1296 2059 τῖον
1317 2000 1472 2080 λεγομένων

354 2096 510 2178 κεφαλαίων
522 2106 572 2172 τῆς
585 2098 732 2177 ῥητορικῆς
751 2101 784 2156 τά
798 2095 859 2172 έξῆς
875 2081 1022 2178 λεγόμενα.
1040 2101 1112 2158 Μετὰ
1127 2098 1252 2158 δὲταῦτα
1266 2099 1348 2156 πάλιν
1363 2100 1474 2178 ὕστερον

353 2203 403 2267 τῆς
421 2193 553 2268 ἀληθινῆς
571 2197 717 2276 ῥητορικῆς
733 2196 880 2274 μέμνηται,
897 2200 1068 2279 πανταχόθεν
1084 2193 1169 2266 δεῖξαι
1182 2201 1212 2256 τὸ
1225 2199 1324 2278 κράτος
1339 2207 1390 2270 τῆς
1406 2195 1475 2268 άλη-

292 2293 323 2345 15
355 2295 417 2358 θυῦς
429 2293 572 2374 ῥητορικῆς
586 2293 762 2372 βουλόμενος.
777 2299 829 2351 Νῦν
842 2295 889 2352 οὖν
901 2295 988 2376 ἐρωτᾷ
1001 2295 1033 2354 τί
1047 2299 1111 2378 χρή
1127 2297 1241 2355 καλεῖν
1255 2297 1306 2366 τὴν
1317 2297 1472 2375 ῥητορικήν·

357 2393 394 2467 μή
411 2389 461 2471 ἄρα
476 2391 604 2468 ἐντούτῳ
617 2393 690 2450 πᾶσά
704 2393 774 2450 ἐστιν
789 2396 807 2465 ή
819 2393 903 2475 τέχνη
917 2402 966 2466 τῆς
979 2395 1125 2474 ῥητορικῆς
1136 2395 1164 2453 ἐν
1177 2401 1213 2474 τῷ
1226 2393 1373 2452 ἐκτίθεσθαι
1384 2393 1475 2473 προοί·

356 2512 416 2567 μια,
432 2488 573 2569 διηγήσεις
588 2492 633 2548 καί
647 2491 734 2550 πάντα
749 2491 766 2548 ἃ
779 2495 997 2572 καταριθμεῖται;

396 2643 451 2724 ρήζ
477 2647 576 2725 Σοφοὶ
599 2645 656 2720 μὲν
678 2643 789 2727 αὐτοί]
811 2646 870 2704 266
893 2644 928 2706 C.

397 2775 500 2858 Σοφοθς
518 2777 597 2833 καλεῖ
615 2777 633 2847 ή
655 2775 683 2833 ἐν
702 2775 808 2853 ήθει,ή
829 2777 868 2842 ὡς
887 2779 946 2857 περὶ
966 2777 1066 2856 λόγους
1086 2775 1200 2858 ἔχοντας
1214 2778 1259 2834 καί
1277 2776 1475 2860 ἐκπεφευγότας

293 2880 325 2932 20
355 2875 404 2940 τάς
421 2874 570 2952 βαναύσους
583 2875 694 2956 τέχνας,
711 2875 729 2945 ή
745 2876 783 2940 ὡς
800 2874 984 2951 ἐπιστήμονας
999 2877 1112 2956 τέχνης.
1128 2910 1167 2920 -
1181 2877 1216 2932 Τὸ
1230 2873 1258 2932 δέ
1272 2873 1476 2956 δωροφορεῖν

356 2967 499 3030 διαὸάλλιι
522 2971 660 3030 αὐτῶντὸ
685 2970 907 3054 φιλοχρήματον,
933 2972 974 3030 θ’τι
995 2974 1043 3038 τὰς
1068 2969 1212 3040 ἐπιδείξεις
1234 2978 1289 3029 τῶν
1313 2971 1406 3050 λόγων
1428 2970 1476 3027 οὐκ

356 3070 493 3154 ὠφελείας
511 3077 567 3128 τῶν
587 3070 654 3128 νὲιον
669 3068 731 3129 οὐδὲ
745 3079 796 3143 τῆς
810 3070 943 3144 ἀληθείας
958 3070 1047 3144 ένικά,
1064 3070 1130 3128 άλλὲι
1144 3071 1296 3152 χρημάτων
1310 3069 1475 3148 ποιοῦνταιή

251 3227 342 3280 i082v·
398 3219 471 3302 ρίγαζ
492 3221 668 3278 Βασιλικοὶ
692 3221 750 3296 μέν
772 3218 898 3302 ἄνδρες]
922 3221 980 3278 266
1003 3219 1038 3279 C.

396 3361 433 3420 ”fl
453 3361 495 3419 ότι
516 3365 543 3420 οί
564 3361 645 3421 ἄλλοι
666 3363 766 3428 πάντες
786 3361 928 3444 ἐπέχουσιν
949 3364 1051 3420 ἑαυτῶν
1072 3363 1104 3420 τά
1124 3361 1191 3436 ὦτα,
1208 3362 1244 3419 ’ἶν’
1266 3361 1399 3420 άκοάσωσι
1420 3366 1476 3418 τῶν

293 3462 325 3512 25
357 3459 492 3539 ῥητόρων,
509 3461 527 3532 ἢ
540 3462 578 3526 ὡς
594 3459 704 3539 ἄγοντες
719 3462 765 3518 καὶ
780 3460 904 3542 φέροντες
919 3461 966 3517 τὸν
980 3459 1071 3536 δῆμον
1085 3462 1130 3517 καί
1144 3462 1177 3516 τά
1190 3469 1242 3532 τῆς
1257 3457 1375 3524 πόλεως.
1392 3493 1431 3502 -
1441 3458 1477 3516 Τὸ

357 3555 386 3614 δέ
401 3557 616 3634 ἐπιστήμονές
630 3581 667 3637 γε
681 3561 724 3615 ὧν
739 3559 874 3638 ἐρωτᾷς·
890 3567 940 3632 τῆς
951 3557 1124 3632 διαλεκτικῆς
1137 3557 1221 3636 λέγει.
1235 3560 1270 3616 Τὸ
1283 3557 1311 3616 δέ
1323 3562 1403 3614 τοῦτο
1417 3555 1475 3631 μέν·

359 3677 373 3710 ιι
388 3655 422 3712 τά
441 3655 492 3734 γάρ
515 3655 655 3735 εἰρημένα,
678 3657 754 3737 φησὶ,
776 3657 807 3713 τθ
828 3658 973 3736 θριστικθν,
994 3656 1025 3713 τὸ
1048 3655 1218 3735 διαιρετικὸν,
1240 3655 1270 3712 τό
1292 3653 1406 3727 άληθές,
1428 3652 1478 3709 οὐκ

359 3753 423 3810 εἰσὶν
437 3750 494 3810 ἴδια
508 3762 558 3826 τῆς
576 3754 734 3834 ῥητορικῆς,
754 3753 821 3812 ἀλλὰ
839 3763 890 3826 τῆς
911 3752 1089 3826 διαλεκτικῆς·
1112 3753 1152 3812 διὸ
1172 3752 1221 3810 οὐκ
1242 3751 1357 3828 εἴπομέν
1376 3773 1400 3809 τι
1418 3752 1479 3831 περὶ

357 3851 513 3932 ῥητορικῆς,
534 3875 548 3906 ν

387 4029 576 4082 1Ρίιίί,160
639 4030 766 4098 Πολιτικῷ
781 4029 847 4091 (vid.
862 4030 919 4093 NG)
937 4030 999 4080 fort.
1014 4029 1093 4080 2740
1157 4027 1371 4094 isnpharsss
1422 4058 1423 4061 =

389 4146 437 4196 Nc
452 4149 466 4196 1
482 4148 609 4216 Πολιτικῷ
624 4148 719 4212 scripsi
731 4161 794 4199 num
811 4148 879 4198 nihil
895 4149 931 4200 de
952 4148 1116 4199 Prometheo
1133 4147 1162 4196 in
1179 4147 1255 4197 libris
1276 4145 1310 4196 de
1326 4143 1479 4211 Republica

358 4219 512 4269 invenerim
534 4233 540 4267 ι
562 4218 681 4290 Πολιτείᾳ
703 4219 765 4269 iibri
827 4221 906 4282 διῆς
927 4232 980 4269 orn.
1004 4219 1033 4268 M
1098 4219 1169 4277 5ιΙς
1191 4218 1265 4268 rubr.
1286 4220 1310 4267 Α
1374 4217 1478 4268 θῐδιῶν

359 4291 437 4338 Asr:
453 4291 525 4339 ιίδῶν
540 4288 603 4338 libri
664 4290 696 4338 10
711 4293 796 4351 τανῦν,
810 4290 909 4340 rrubr.
926 4293 949 4338 A
965 4289 1005 4350 ήτέι
1019 4291 1062 4339 νῦν
1078 4289 1104 4340 δέ
1120 4286 1188 4338 Pisi.
1206 4288 1268 4338 eod.
1285 4287 1328 4338 T:
1348 4287 1379 4338 τθι
1394 4287 1420 4337 δέ
1435 4289 1478 4336 νῦν

358 4359 418 4410 nod.
436 4359 469 4422 B)
532 4360 564 4409 16
580 4361 631 4412 ἐστι
650 4365 720 4412 πᾶσα
738 4361 767 4410 Μ
830 4361 861 4410 18
878 4363 960 4426 σοφοί,
977 4359 1135 4410 norubr.A
1200 4359 1242 4424 μέν
1259 4361 1286 4408 Μ
1302 4358 1393 4408 Plan:
1411 4357 1477 4421 μέΑ

422 4431 451 4480 19
468 4431 528 4482 ion.
550 4431 566 4495 ἣ
587 4433 630 4483 καί
654 4437 688 4490 ιθς
711 4435 734 4482 Α
805 4431 836 4482 22
857 4433 929 4482 ’ένακα
951 4431 1015 4483 ἀλλὰ
1034 4431 1153 4495 seripsi:
1175 4431 1240 4482 άλλά
1261 4431 1334 4482 ένακα
1354 4428 1416 4479 libri

358 4501 389 4552 23
408 4505 542 4568 βασιλικοὶ,
558 4506 573 4569 β
587 4503 661 4554 rubr.
677 4506 700 4552 A
764 4502 795 4552 25
812 4500 856 4567 ὡς]
871 4502 908 4553 ὅτι
921 4505 957 4552 ΑΙ
1019 4503 1050 4554 26
1066 4503 1112 4554 οθκ
1124 4507 1189 4552 anie
1202 4501 1364 4566 ἐπιστήμονες
1376 4498 1481 4550 addidit

359 4586 376 4623 a
395 4585 477 4636 supra
495 4586 606 4624 versum
668 4577 742 4626 τοῦτο
759 4572 811 4638 μέν]
828 4573 958 4641 ῥητορικὸν
977 4573 1028 4624 ΕΜ
1093 4571 1125 4624 28
1141 4573 1179 4623 διδ
1194 4570 1253 4636 οὐκ]
1272 4571 1314 4623 διά
1330 4574 1403 4622 τοῦτο
1421 4574 1477 4619 A⁸:

360 4651 420 4706 post
433 4643 564 4711 ῥητορικῆς
578 4645 666 4707 prima
681 4657 781 4694 manns
795 4644 894 4695 iterum
911 4645 1056 4710 scripserat
1070 4645 1108 4696 διὸ
1126 4644 1159 4706 ir:
1174 4643 1261 4697 rubri
1276 4641 1322 4693 οὐκ
1340 4644 1441 4706 εἴπομέν
1455 4660 1478 4691 τι

360 4717 415 4781 περὶ
432 4733 454 4781 ρ,
469 4721 497 4762 ει
513 4713 617 4766 delevit
