3660 5686
429 579 460 628 96
809 575 949 624 ΕΡΜΕΙΟΥ
971 576 1166 626 ΦΙΛΟΣΟΦΟΥ

316 711 397 799 Ι[110]
470 723 507 804 γ’.
531 724 623 782 Ἀλλά
646 727 710 800 μὴν
732 727 834 784 νόσων
855 751 890 806 γε
912 731 965 784 καί1
985 730 1092 786 πόνων
1112 736 1176 787 τῶν
1200 729 1376 812 μεγίστων]
1399 731 1457 788 244
1480 731 1519 793 D.

469 866 659 941 Μεταόέὸηκεν
683 871 735 927 ἀπὸ
758 881 809 943 τῆς
835 882 966 946 μαντικῆς
989 873 1033 930 ἐπὶ
1059 876 1109 944 τήν
1135 873 1295 944 τελεστικὴν
1323 874 1431 950 μανίαν,
1459 875 1551 945 ἥντινά

428 991 508 1048 φησιν
527 967 710 1026 ἀπαλλάττειν
731 977 785 1027 τῶν
807 971 943 1049 μεγίστων
961 977 1052 1028 κακῶν
1072 974 1117 1028 καί
1136 974 1183 1029 τόν
1203 973 1262 1030 καθ’
1280 971 1393 1030 ἐ’καστον
1408 977 1490 1046 ἡμῶν
1507 975 1552 1029 καί

427 1067 489 1144 γένη
506 1065 559 1122 θ’λα
572 1067 617 1124 καί
629 1067 734 1139 πόλεις,
750 1066 787 1124 ’ἔν’
802 1069 925 1148 ὥσπερὴ
942 1066 1016 1126 ἔνδον
1031 1069 1174 1141 τελεστικέ,
1191 1069 1286 1128 τελέαν
1301 1075 1384 1146 ἡμῶν
1399 1070 1485 1127 ἐποίει
1499 1073 1550 1142 τὴν

380 1169 394 1219 5
427 1167 518 1245 ψυχὴν
533 1165 578 1222 καί
592 1163 759 1244 ὁλόκληρον,
772 1167 841 1223 ῶστε
856 1169 925 1223 κατά
939 1168 1024 1231 πάσας
1038 1169 1085 1230 τάς
1099 1166 1227 1243 δυνάμεις
1242 1169 1325 1239 αὐτὴν
1339 1169 1465 1248 ἐνεργεῖν,
1477 1170 1550 1225 οὕτω

427 1258 459 1332 δὴ
475 1265 519 1318 καί
536 1267 553 1334 ἡ
570 1258 621 1328 έξω
636 1261 788 1334 τελεστική,
805 1262 1018 1320 ἀπαλλάττουσα
1032 1268 1114 1338 ἡμῶν
1129 1266 1179 1336 τήν
1194 1267 1286 1346 ψυχὴν
1301 1267 1347 1322 καί
1363 1267 1393 1322 τὸ
1409 1271 1491 1340 σῶμα
1504 1267 1549 1322 καί

320 1355 409 1406 ΜΠ·
426 1359 458 1415 τέ
477 1359 554 1425 ἐκτὸς
572 1365 628 1416 τῶν
647 1359 836 1443 ένοχλοόντων
855 1361 859 1440 Ι
879 1359 1020 1442 δυσχερῶν
1041 1361 1146 1442 εόρσιαν
1166 1366 1291 1437 ἡμῖνκαὶ
1310 1361 1481 1438 εὐδαιμονίαν
1497 1385 1549 1419 πα-

426 1459 574 1536 ρασκευάσῃ
596 1460 666 1516 κατά
686 1460 732 1516 τὸν
757 1459 829 1536 βίον,
851 1495 890 1503 -
912 1458 997 1516 Ἀλλὰ
1019 1467 1076 1524 πῶς
1099 1460 1183 1538 λόγον
1204 1457 1263 1542 ἔχει
1283 1463 1314 1518 τὸ
1337 1462 1463 1540 ἐκγόνους
1485 1463 1548 1540 ὑπέρ

425 1557 567 1637 προγόνων
582 1556 653 1623 δίκας
668 1555 784 1630 διδόναι;
802 1558 818 1628 ί,
835 1557 954 1632 μάλιστα
970 1559 1018 1632 μέν
1031 1560 1075 1614 καὶ
1088 1555 1239 1625 διεδέξαντο
1253 1561 1298 1624 τὰς
1311 1559 1418 1616 ἐκείνων
1430 1564 1547 1632 κτήσεις,

335 1665 342 1690 ’
363 1654 393 1703 10
423 1657 468 1712 καί
486 1657 586 1736 χρυσὸν
604 1657 649 1712 καί
669 1655 796 1736 ἄργυρον,
819 1650 846 1721 ἐξ
862 1654 973 1713 ἀδικιῶν
992 1657 1127 1721 πολλάκις
1149 1657 1338 1738 συναχθείσας,
1356 1659 1370 1714 6
1389 1658 1436 1713 καὶ
1455 1658 1548 1713 ἰκανὸν

425 1754 518 1816 αὑτοῖς
534 1753 681 1833 ἐπαγαγεῖν
694 1756 743 1824 τὴν
758 1752 852 1827 δίκην;
869 1752 961 1812 ἔπειτα
977 1753 1004 1811 δέ
1018 1757 1064 1811 καὶ
1078 1757 1283 1837 σομπάσχουσιν
1299 1758 1326 1812 αἱ
1338 1763 1393 1812 τῶν
1406 1757 1548 1836 προγόνων

424 1853 508 1932 ψυχαί
532 1858 590 1916 ταῖς
611 1857 664 1908 τῶν
686 1852 842 1929 ἀπογόνων,
865 1857 1057 1932 περιστατικῶς
1079 1853 1337 1934 ἀναστρεφομέναις,
1361 1851 1421 1910 οόδέ
1444 1853 1548 1908 τοότων

424 1947 538 2015 ἀναξίως
559 1949 750 2024 ὑπομενόντων
769 1951 817 2015 τάς
838 1947 926 2014 δίκας·
943 1951 1084 2030 συνέγεται
1103 1952 1153 2030 γάρ
1174 1952 1187 2006 6
1209 1947 1283 2017 ἀξιος
1303 1956 1351 2007 τοῦ
1368 1949 1434 2007 τάδε
1453 1953 1547 2006 παθεῖν

425 2049 462 2111 είς
483 2048 513 2104 τὸ
532 2046 636 2105 τοιόνδε
656 2049 746 2126 γένος,
767 2056 818 2120 τῆς
838 2049 967 2127 προνοίας
984 2046 1161 2128 έξῃρημένως
1177 2052 1222 2107 καί
1237 2057 1286 2121 τῆς
1305 2049 1380 2113 θείας
1396 2046 1424 2104 δὲ
1439 2047 1547 2128 τρέσε-ως

377 2145 387 2156 ’
421 2148 466 2204 καί
478 2153 534 2205 τῶν
546 2153 716 2227 μοιρηγετῶν
729 2155 802 2205 Βεῶν
815 2146 1065 2206 συνδιαπλεκόντων
1079 2149 1167 2206 πάντα
1182 2149 1209 2206 ἐν
1224 2147 1298 2214 τάξει
1312 2150 1356 2205 καί
1370 2148 1438 2204 κατά
1454 2145 1544 2218 δίκην.

461 2245 572 2302 ’Ἔπειτα
595 2245 622 2302 δέ
645 2248 690 2302 καί
713 2246 762 2322 μία
784 2269 821 2312 τις
842 2246 967 2326 συνέχεια
990 2249 1083 2326 ὁρᾶται
1104 2253 1151 2303 τοῦ
1174 2248 1280 2325 γένους·
1307 2247 1396 2326 ῶσπερ
1419 2245 1470 2324 γὰρ
1491 2250 1546 2301 τῶν

422 2346 583 2425 σπερμάτων
603 2347 647 2401 καί
668 2351 722 2401 τῶν
745 2351 862 2426 ρυσικῶν
885 2343 977 2424 λόγων
999 2345 1102 2424 γίνεταί
1126 2369 1168 2410 τις
1186 2347 1328 2416 κοινωνία,
1350 2346 1423 2401 οότω
1445 2343 1476 2415 δι’,
1498 2344 1544 2400 καὶ

421 2449 476 2499 τῶν
491 2441 603 2500 τοιῶνδε
618 2447 715 2524 ψυχῶν
729 2444 774 2500 καί
788 2449 874 2522 γενῶν
888 2445 933 2498 καί
948 2449 1003 2500 τῶν
1014 2445 1119 2509 τούτοις
1132 2445 1272 2518 ἑπομένων
1286 2443 1392 2521 ἀγαθῶν
1407 2443 1424 2514 ί,
1439 2447 1543 2500 κακῶν.

422 2539 525 2621 ’Ὥσπερ
541 2542 591 2620 γάρ
606 2543 628 2599 εί
647 2545 729 2616 Ιἡμεῖς
750 2542 921 2615 κοιμώμενοι
941 2539 1181 2616 ἐπελανθανόμεθα
1199 2551 1248 2614 τῆς
1261 2543 1394 2622 προτέρας
1411 2543 1484 2612 ζωῆς
1498 2547 1546 2610 τῆς

420 2642 486 2720 χθές
495 2641 650 2718 γενομένης,
660 2635 754 2705 ἔδοξαν
764 2639 795 2696 ἀν
806 2642 874 2712 ἡμῖν
889 2639 989 2696 πολλοὶ
1000 2639 1054 2717 βίοι
1066 2640 1133 2696 είναι
1143 2640 1169 2696 έν
1185 2641 1221 2696 ένί
1236 2640 1395 2718 ἀνθρωπίνῳ
1406 2639 1472 2716 βίῳ,
1485 2660 1544 2694 συν-

422 2743 504 2819 εχοῦς
521 2737 604 2808 οὔσης
621 2746 669 2809 τῆς
686 2740 759 2808 ζωῆς
776 2737 875 2801 ἐντοῖς
894 2734 1083 2813 ἐὸδομήκοντα
1098 2739 1115 2809 ί,
1133 2736 1299 2816 ὀγδοήκοντα
1317 2737 1424 2801 τούτοις
1445 2734 1542 2806 έτεσιν,

421 2836 491 2891 οὕτω
505 2833 537 2906 δέ,
553 2837 597 2891 καίΙ
613 2835 638 2892 έν
652 2841 689 2913 τῷ
700 2837 771 2912 γένει
787 2835 856 2910 τῷδε
872 2836 926 2892 ἐστί
944 2859 984 2900 τις
1000 2838 1126 2918 συνέχεια
1144 2841 1175 2909 ἣν
1206 2843 1276 2912 ,μεῖς
1294 2838 1343 2912 μέν
1355 2836 1408 2916 οὐχ
1422 2838 1541 2915 ὁρῶμεν,

420 2936 446 2991 οί
471 2933 561 3008 μέντοι
588 2933 749 3012 μοιρηγέται
775 2937 835 2992 3εοῖ
857 2936 903 2991 καί
931 2937 956 2991 οί
981 2937 1014 2992 τά
1041 2936 1107 3014 γένα,
1137 2935 1349 3014 κληρωσάμενοι
1377 2933 1541 3009 δαίμονες...

419 3029 523 3111 ζὨσπερ
542 3030 587 3088 οὗν
607 3031 633 3088 έν
650 3033 686 3088 ένῖ
704 3033 756 3110 βίῳ
773 3031 853 3104 τήνδε
868 3037 918 3104 τὴν
934 3034 1012 3090 νόσον
1027 3036 1041 3090 6
1057 3035 1149 3112 ἰατρὸς
1168 3035 1216 3090 οὐκ
1231 3035 1308 3098 εόθθς
1325 3034 1479 3114 χειρουργία
1494 3043 1544 3090 Βε-

356 3135 387 3184 25
420 3129 541 3208 ραπεόει,
558 3127 631 3186 ἀλλά
646 3129 783 3208 περιμένει
799 3129 874 3209 ἀ’χρις
889 3133 919 3187 οὗ
935 3130 1085 3203 ἐπιτήδειος
1102 3133 1214 3210 γένηται
1231 3134 1245 3187 6
1265 3132 1379 3212 πάσχων
1398 3133 1543 3204 Ιὐπομεῖναι

418 3230 470 3297 τὴν
487 3229 673 3308 χειρουργίαν,
696 3228 767 3285 οὕτω
784 3231 828 3284 καί
845 3227 872 3285 έν
892 3236 931 3303 τῷ
946 3231 1017 3308 γένει
1031 3235 1152 3288 ποιοῦσιν
1168 3233 1193 3286 οἳ
1209 3226 1300 3310 έροροι
1314 3235 1361 3286 τοῦ
1376 3229 1469 3306 γένους
1485 3225 1542 3283 δαί-

421 3349 511 3400 μονες,
534 3327 572 3390 ὡς
591 3327 636 3382 καίΙ
657 3325 798 3405 Ἡρόδοτος
817 3331 932 3408 ίστορεῑ,
955 3329 995 3386 ὅτι
1016 3331 1083 3404 μετὰ
1103 3329 1180 3386 πέντε
1199 3331 1293 3407 γενεάς
1314 3324 1432 3394 ἐξέτισαν
1448 3329 1475 3384 οἰ
1494 3332 1541 3382 τοῦ

420 3424 506 3482 Λυδοῦ
526 3424 655 3504 ἀπόγονοι
674 3427 724 3496 τήν
743 3425 833 3498 δίκην.
851 3463 889 3470 -
907 3428 941 3483 Τό
965 3425 993 3483 δέ
1014 3428 1167 3486 παλαιῶν
1190 3427 1427 3502 έκμηνιμάτων
1449 3425 1490 3481 δτι
1510 3427 1543 3481 zi

418 3521 587 3602 πολυχρόνια
609 3529 663 3580 τῶν
691 3525 896 3603 ἀμαρτήματων
925 3523 1148 3605 δυσεκνιπτότερά
1172 3526 1246 3597 εἰσιν,
1273 3525 1289 3580 ἀ
1312 3525 1358 3580 καί
1383 3523 1540 3592 τελεττικῆς

356 3625 386 3675 30
420 3620 506 3695 μόνης
523 3619 608 3677 δεῖται
624 3621 662 3686 εἶς
678 3621 814 3702 κάθαρσιν,
831 3625 865 3679 τέ
884 3620 911 3678 δέ
932 3622 1178 3703 όλιγοχρονιοίτερα
1198 3623 1369 3702 εόιατῶτερα·
1388 3620 1491 3700 Ὥσπερ
1507 3618 1539 3692 δὴ

417 3719 461 3774 καὶ
482 3718 524 3774 ἐπὶ
548 3720 668 3798 ἰατρικῆς
691 3721 810 3799 ὁρῶμεν,
835 3721 1034 3800 όλιγοχρονίων
1058 3723 1106 3796 μέν
1127 3722 1177 3800 γὰρ
1200 3720 1285 3778 ’όντων
1306 3727 1358 3777 τῶν
1378 3724 1472 3776 παθῶν
1494 3719 1539 3774 καὶ

419 3816 496 3881 εὐθὺς
514 3813 682 3896 ἀρξαμένων,
704 3818 748 3876 έάν
769 3817 961 3893 ἐπιμελεῖσθαί
981 3842 1021 3883 τις
1037 3815 1149 3898 ἄρξηται
1165 3821 1272 3889 ἑαυτοῦ,
1289 3821 1352 3897 ,ἀξιον
1368 3816 1539 3874 ἀπαλλάττε-

418 3936 472 3986 ται,
488 3914 681 3995 πολυχρονίων
695 3914 723 3972 δέ
736 3917 888 3993 γενομένων
903 3916 1120 3998 δυσχερέστερον,
1138 3921 1195 3973 οἷον
1210 3918 1261 3996 γάρ
1276 3919 1313 3981 είς
1329 3917 1406 3997 ρόσιν
1425 3917 1470 3972 καί
1486 3908 1540 3980 έξιν

417 4011 574 4069 καθίσταται
590 4014 620 4069 τό
635 4015 717 4070 κακὸν
732 4015 776 4070 καὶ
791 4015 894 4092 γίνεται
906 4017 996 4094 ὥσπερ
1010 4015 1079 4085 οὖλέ,
1096 4015 1312 4094 ένσκιρρωθεῖσα·
1330 4016 1418 4079 οὕτως
1432 4012 1477 4071 οὗν
1491 4013 1537 4068 καί

355 4115 385 4164 35
419 4109 461 4166 έπί
481 4115 536 4166 τῶν
553 4109 739 4186 ἀδικημάτων,
761 4113 804 4168 έάν
825 4114 872 4186 μέν
893 4113 972 4176 αὐτὸς
993 4115 1007 4169 6
1025 4113 1153 4193 ἀμαρτῶν
1170 4113 1247 4176 εὐθὺς
1265 4119 1388 4190 μεταγνῷ
1398 4113 1446 4167 ’καί
1457 4131 1539 4189 προσ-

448 4320 554 4369 27113

450 4437 775 4490 ΝΟΙάλλάἀτυίιπΑ
839 4440 964 4488 ίτελείαν
981 4440 1008 4488 M
1075 4440 1116 4490 7-8
1134 4439 1318 4504 παρασκευάζει
1339 4440 1365 4487 M
1433 4439 1462 4487 15
1482 4455 1538 4500 μοι·

419 4509 630 4574 ρηγενετιῖινίίίυεί
693 4509 722 4558 21
738 4519 780 4571 τῆς
793 4511 944 4572 ζωήςτῆςΑ
1009 4510 1039 4560 22
1056 4511 1097 4573 μέν
1111 4524 1164 4560 om.
1181 4511 1206 4559 Μ
1275 4513 1445 4576 μοιρηγενέται
1456 4508 1536 4558 libri:

417 4579 499 4628 ο1.15
561 4581 591 4630 23
612 4583 672 4638 ἴσως
688 4583 766 4631 λείπει
781 4580 885 4631 ἐνταῦθα
899 4581 1000 4630 τιΕἰιι
1017 4582 1139 4645 margine
1203 4581 1233 4630 30
1248 4579 1289 4646 δὴ]
1301 4583 1327 4632 δέ
1343 4585 1378 4630 A*
1444 4579 1472 4628 31
1488 4580 1537 4646 γὰρ

417 4651 517 4700 0m‚M
581 4650 860 4716 3232620516620361
927 4653 956 4700 33
974 4649 1028 4704 οἷον
1041 4653 1089 4718 γάρ
1105 4656 1141 4703 δεῖ
1155 4653 1235 4711 εἰςΜ
1301 4650 1537 4715 35έάνμένοῦνό

418 4720 490 4778 αὐτος
510 4722 536 4770 Μ
