3600 5734
437 511 485 562 166
819 501 960 554 Errrfiror·
980 504 1177 556 ΦΙΛΟΣΟΦΟΥ

340 660 407 730 [151]
439 653 569 729 πλάστας,
590 655 782 733 σκυτοτόμους,
799 657 845 714 καί
863 657 878 714 θ
896 657 1042 738 γεωργός
1061 656 1089 717 δὲ
1102 658 1174 716 καθὸ
1192 654 1363 734 ίντιμελεῑται
1381 661 1433 726 τῆς
1452 653 1562 735 φόοεως

439 751 514 819 θ’πως
531 751 562 812 θν
580 753 650 834 ὑγιές
664 755 711 812 καί
731 755 770 820 ῶς
790 752 897 834 άριατον
916 755 983 837 φάη·
1007 757 1198 840 σοφιατικδς
1220 753 1249 814 δὲ
1268 755 1315 812 καί
1334 751 1562 830 δημοκοπικδς

438 851 524 928 ταότη
544 849 711 933 διαφέρουσιν
730 851 772 910 ότι
791 853 806 910 δ
826 853 875 928 μὶν
896 857 1026 935 σοφιστὴς
1048 852 1210 920 διδάσκαλος
1232 851 1357 932 βοόλεται
1378 850 1448 908 εἶναι
1468 849 1563 924 νόμων

437 950 483 1006 καί
503 950 611 1028 ἀρετῆς,
632 951 647 1007 θ
668 947 697 1007 δέ
718 947 878 1026 δημοκόπος
897 951 1054 1032 ῥητορεύειν
1073 953 1101 1011 έν
1121 951 1234 1026 πλήθει·
1258 948 1448 1030 σοφιστικόν
1471 944 1499 1003 δέ
1516 945 1563 1001 καί

392 1055 407 1103 5
439 1069 555 1127 τυρανν
565 1049 633 1104 ικὸν
649 1049 687 1123 μὴ
703 1047 767 1113 τοθς
780 1046 956 1129 διαστρόφους
968 1048 1021 1123 ἤδη
1036 1046 1180 1126 λάόωμεν,
1195 1047 1266 1107 άλλά
1277 1047 1396 1110 καὶτοὺς
1410 1045 1453 1102 ἐπί
1468 1045 1563 1122 ἀγαθῷ

437 1144 609 1225 χρωμένους,
625 1145 672 1202 τόν
686 1147 736 1220 μὶν
750 1151 784 1222 τῇ
800 1146 904 1223 άπάτη,
922 1149 968 1205 τὸν
984 1147 1013 1206 δέ
1025 1154 1061 1226 τῇ
1078 1149 1135 1227 βίᾳ·
1152 1145 1207 1206 όατι
1221 1149 1273 1228 γάρ
1292 1146 1384 1208 αὐτοῖς
1404 1145 1448 1202 καί
1468 1141 1497 1200 εὖ
1515 1141 1562 1200 καί

437 1249 529 1310 κακῶς
543 1245 706 1324 χρησασθαι,
723 1244 761 1308 ὡς
776 1246 821 1302 καί
836 1244 915 1310 αὐτὸς
929 1245 1032 1326 ἐπάγει.
1053 1247 1058 1326 Ι

332 1393 421 1447 ΟΟΒτ·
480 1391 537 1471 μδ.
561 1393 608 1452 Ἐν
630 1392 668 1464 δὴ
690 1395 824 1460 τούτοις
847 1393 959 1478 άπασι]
982 1397 1042 1457 248
1063 1396 1101 1458 Ε.
1188 1374 1190 1380 Ι

476 1544 605 1598 Τοσοῦτοι
625 1538 673 1614 μέν
693 1537 741 1595 οὖν
760 1539 805 1596 καὶ
823 1543 946 1600 τοιοῦτοι
961 1541 988 1597 οί
1008 1539 1084 1598 ἑννία
1104 1539 1171 1618 βίοι·
1192 1537 1233 1597 δεῖ
1254 1539 1282 1596 δὲ
1304 1540 1408 1614 ἑκάστῳ
1425 1557 1564 1618 προσυπα-

375 1635 407 1686 θθ
437 1635 530 1695 κοόιιν
550 1637 581 1694 τὸ
602 1634 742 1694 πλεῖστα
766 1635 893 1712 ίδοῡσα,
914 1637 951 1697 ’ίν’
974 1639 1002 1716 ᾖ·
1023 1641 1042 1711 ἡ
1066 1639 1115 1715 μὲν
1133 1638 1250 1718 πρώτως
1271 1637 1389 1698 πλεῖστα
1410 1635 1503 1694 ίδοῶσα
1524 1636 1562 1697 εἷς

346 1727 349 1734 ’
436 1734 499 1793 τάδε
518 1735 537 1806 ἢ
554 1733 617 1793 τόδε
637 1733 795 1812 είσιισιν,ἡ
815 1735 843 1794 δέ
862 1734 995 1818 δευτέρως
1009 1735 1129 1796 πλεῖστα
1143 1734 1234 1794 ίδοῦσα
1247 1737 1285 1801 είς
1300 1734 1372 1807 τόδε,
1389 1739 1407 1806 ἡ
1424 1733 1452 1792 δὲ
1463 1735 1562 1814 τρίτως

439 1833 555 1892 πλεῖστα
569 1829 663 1891 ἰδοῦσα
677 1833 717 1898 είς
729 1830 802 1910 τόδε,
818 1835 863 1891 καὶ
877 1831 972 1916 ίφεξῆς
985 1834 1084 1900 οὕτως.
1100 1835 1146 1892 Διὸ
1160 1835 1206 1891 καί
1219 1835 1246 1890 οί
1262 1835 1311 1910 μὲν
1323 1839 1427 1913 πρῶτοι
1439 1833 1564 1910 τέσσαρες

441 1930 498 2010 βίοι
513 1929 681 2011 πλατυτέρας
701 1928 796 2013 έχουσι
813 1933 861 1997 τάς
881 1933 1009 2012 αίρέσεις·
1030 1932 1083 1990 άπὸ
1101 1932 1153 2012 γάρ
1170 1936 1254 2012 τριῶν
1274 1930 1344 1988 ἐστιν
1361 1930 1472 2003 ἑκάστη·
1489 1931 1516 1987 οί
1534 1927 1564 1986 δὲ

439 2025 537 2110 ἑφεξῆς
550 2028 675 2111 τέσσαρες
691 2027 858 2111 στενοτέρας·
875 2030 928 2088 άπὸ
941 2031 991 2110 γάρ
1006 2029 1065 2088 δόο·
1083 2030 1154 2105 μόνη
1171 2027 1200 2088 δὲ
1213 2032 1231 2101 ἡ
1244 2028 1326 2102 ένάτη
1342 2025 1562 2104 άπεστενωμίνον

377 2128 407 2180 15
438 2130 485 2186 καὶ
501 2127 549 2188 ἕνα
568 2129 613 2186 καὶ
630 2127 797 2209 τυραννικόν.
819 2127 898 2194 Ἴσως
916 2127 945 2186 δὲ
963 2127 1028 2209 άγρι
1046 2133 1095 2187 τοῦ
1116 2128 1188 2187 ὲννία
1202 2127 1245 2186 διά
1258 2133 1338 2185 τοῦτο
1353 2123 1455 2206 προίόη
1472 2123 1561 2196 ἐπειδὴ

438 2229 483 2286 καὶ
496 2231 514 2300 ἡ
529 2224 639 2300 αὔξησις
655 2233 703 2285 τοῦ
718 2227 832 2308 ἀριθμοῦ
848 2227 930 2308 μέχρι
949 2233 996 2284 τοῦ
1016 2227 1092 2288 έννὲα
1108 2228 1223 2308 πρόεισι.
1243 2226 1345 2285 Λοιπὸν
1362 2223 1391 2284 δὲ
1406 2225 1562 2306 ἀνθρωπίνη

439 2325 545 2399 διανοίᾳ
565 2323 792 2406 συλλογισιόμεθα
813 2328 895 2384 ὁποῖα
916 2333 970 2384 τῶν
991 2333 1097 2400 νοητῶν
1118 2326 1278 2403 θεασαμένη
1299 2327 1336 2391 είς
1354 2325 1400 2382 τόν
1417 2329 1526 2404 πρῶτον
1545 2325 1563 2394 ἢ

437 2426 485 2482 τδν
504 2424 627 2506 δεότερον
649 2426 712 2503 βίον
733 2424 838 2483 κάτεισι
858 2427 904 2483 καί
923 2426 987 2490 τοὺς
1007 2421 1118 2508 ἑφεξῆς.
1136 2425 1167 2482 Ἢ
1183 2426 1233 2501 μὶν
1253 2425 1302 2484 οόν
1319 2426 1350 2482 τό
1369 2422 1453 2482 κτλδν
1469 2425 1514 2480 καί
1532 2423 1563 2480 τὸ

440 2525 523 2606 σοφὸν
547 2525 593 2581 καί
614 2524 729 2602 τάγαθὸν
754 2523 926 2600 θεασαμένη,
952 2524 1046 2594 ἐπειδὴ
1071 2522 1114 2582 διὰ
1136 2529 1221 2581 ταῶτα
1247 2524 1299 2580 άπὸ
1325 2529 1380 2580 τῶν
1405 2523 1563 2603 πρωτίστων

377 2629 409 2681 θθ
440 2623 535 2704 ἀρχῶν
549 2618 687 2702 ἀρξαμένη
704 2623 786 2704 μίχρι
800 2627 855 2679 τῶν
868 2621 991 2703 ἑαχάτων
1002 2621 1103 2696 δίεισιν,
1121 2621 1160 2688 είς
1172 2623 1217 2679 τὸν
1230 2627 1337 2702 πρῶτον
1354 2622 1416 2699 βίον
1432 2621 1562 2678 κάτεισιν·

440 2718 541 2778 διὸκαὶ
559 2718 676 2799 εὔλογον
690 2721 741 2791 τὴν
757 2720 805 2795 μὶν
819 2720 850 2776 τδ
865 2719 949 2801 σοφόν
968 2718 1142 2795 θεασαμένην
1161 2720 1208 2777 τόν
1227 2717 1413 2802 φιλόσοφον
1432 2720 1565 2798 αἱρεῖσθαι

443 2817 518 2897 βίον,
531 2820 582 2890 τὴν
598 2816 626 2875 δὲ
639 2818 669 2875 τὸ
683 2817 765 2876 καλὸν
778 2819 824 2876 τὸν
841 2816 1037 2899 φιλόκαλον,
1052 2821 1083 2876 δν
1097 2817 1192 2899 διαιρεῖ
1204 2817 1270 2900 διχῇ
1286 2817 1325 2884 είς
1342 2818 1388 2875 τόν
1405 2817 1564 2893 μουσικὸν

440 2917 485 2974 καί
502 2915 671 2997 ἐρωτικόν·
690 2917 708 2988 ἢ
726 2916 777 2996 γάρ
795 2913 828 2974 δι’
845 2917 978 2992 ὀμμάτων
996 2917 1026 2974 τό
1044 2917 1131 2976 καλὸν
1152 2917 1170 2988 ἢ
1190 2914 1225 2974 δι’
1244 2915 1331 2987 ἀκοῆς
1349 2914 1497 2998 δεχόμενοι
1517 2920 1564 2971 τοῦ

441 3019 541 3088 νοητοῶ
555 3012 674 3081 κάλλους
688 3015 964 3093 ἀναμιμνησκόμεθα·
980 3022 1045 3072 πᾶσι
1059 3012 1116 3087 δέη
1132 3015 1261 3094 άναγωγὴ
1283 3013 1325 3071 ἐπὶ
1340 3014 1468 3092 τάγαθόν.
1487 3011 1518 3070 Ἡ
1537 3011 1565 3070 δὲ

378 3119 410 3171 25
441 3115 476 3172 τά
491 3115 558 3193 γένη
571 3119 621 3172 τοῦ
636 3112 713 3178 ’όντος
731 3111 888 3190 Βεασαμίνη
904 3113 950 3170 τδν
965 3112 1090 3194 δεύτερον
1108 3115 1223 3192 αἱρεῖται
1238 3113 1312 3190 βίον·
1332 3112 1378 3169 καί
1395 3112 1446 3192 γάρ
1463 3109 1564 3190 ἑδράζει

441 3210 528 3268 πάντα
545 3212 561 3267 θ
581 3211 720 3288 βασιλείας,
742 3213 757 3268 θ
776 3211 904 3290 ἀναλογεῖ
923 3215 957 3287 τῇ
978 3211 1067 3268 στάσει
1088 3209 1169 3290 (παρὸ
1188 3211 1234 3267 καί
1254 3207 1294 3291 [ό]
1316 3209 1441 3288 βασιλεὺς
1457 3207 1566 3288 εἴρηται

440 3310 514 3389 παρά
529 3310 579 3381 τὴν
597 3309 674 3386 βάσιν
688 3313 734 3364 καὶ
749 3309 780 3365 τὸ
795 3306 902 3388 ἑδραῖον
915 3309 959 3366 καί
973 3308 1003 3366 τό
1020 3305 1166 3386 βεόηκάναι
1182 3307 1224 3364 ἐπ’
1241 3307 1323 3364 αὐτοῦ
1341 3307 1374 3365 τά
1392 3307 1563 3388 πράγματα)·

440 3407 486 3464 καί
506 3413 577 3464 κινεῖ
598 3403 674 3488 [γάρ]
693 3405 781 3464 πάντα
802 3404 951 3465 διατάττων
971 3408 1017 3464 καὶ
1038 3405 1193 3481 διακοσμῶν
1215 3403 1324 3483 ἑκαστα,
1346 3407 1360 3462 ό
1382 3404 1511 3484 ἀναλογεῖ
1530 3411 1565 3482 τῇ

442 3507 558 3586 κινήσει·
577 3505 622 3560 καὶ
641 3503 732 3584 φιλίας
751 3504 796 3561 καί
815 3503 938 3570 ἑνώσεως
957 3512 1021 3564 πᾶσι
1039 3500 1202 3580 μεταδίδωσι
1216 3502 1259 3561 διὰ
1274 3509 1329 3561 τῶν
1345 3509 1445 3562 κοινῶν
1460 3505 1564 3579 νόμων,

381 3611 412 3660 30
443 3601 530 3659 θέσει
547 3609 599 3674 τῆς
617 3601 791 3674 ταυτότητος·
814 3597 909 3680 διαιρεῖ
927 3600 956 3659 δὲ
974 3599 1074 3659 ἕκαστα
1092 3601 1138 3658 καί
1156 3598 1316 3660 άναστέλλει
1333 3602 1367 3658 τά
1383 3599 1503 3676 πολέμιοι
1520 3601 1565 3656 καὶ

444 3697 607 3776 λυμαντικά,
624 3697 640 3755 ὅ
653 3697 709 3756 ἐστι
721 3707 771 3771 τῆς
785 3698 943 3778 ἑτερότητος
956 3697 1044 3780 ἔργον·
1057 3699 1104 3756 καὶ
1116 3705 1209 3780 κρατεῖ
1222 3699 1342 3772 πάντων,
1356 3697 1396 3756 διό
1411 3699 1457 3756 καὶ
1470 3697 1566 3756 πολε-

446 3796 542 3873 μικός
557 3798 602 3854 καί
616 3795 749 3879 ἀρχικός
767 3794 889 3878 εἴρηται·
906 3796 946 3863 ῶς
962 3794 990 3854 δέ
1003 3798 1091 3856 πάντα
1105 3799 1174 3855 εἶναι
1188 3803 1284 3870 ποιῶν,
1301 3795 1343 3878 ἄρ’
1358 3797 1408 3856 οόκ
1421 3796 1453 3855 ἃν
1469 3797 1566 3876 ῥηθείη

442 3876 512 3954 ίιατά
522 3895 572 3968 τὴν
586 3893 679 3952 οόσίαν
693 3895 809 3954 ἀπὸτοῦ
823 3897 863 3972 μή
879 3893 953 3962 ὄντος
968 3897 1007 3960 είς
1021 3896 1051 3954 τδ
1067 3897 1135 3954 εἶναι
1147 3893 1248 3954 ’ἕκαστα
1260 3894 1336 3975 άγων
1344 3919 1352 3969 ;
1368 3894 1398 3952 Ἦ
1412 3893 1441 3953 δὲ
1454 3897 1488 3954 τά
1501 3894 1566 3975 γένη

443 4000 491 4054 τοῦ
507 3993 584 4059 ὄντος
599 3993 775 4074 μερικῶτερον
788 3995 834 4052 καί
852 3993 941 4052 οὐκέτι
956 3993 1052 4060 θλικῶς
1067 3993 1225 4070 θεασαμένη
1241 3993 1259 4066 ἢ
1274 3994 1318 4052 καί
1331 3995 1382 4066 την
1399 3991 1567 4052 αότοδικαιο-

477 4163 525 4215 ΝΟ
547 4161 563 4213 3
583 4159 648 4214 εἶναι
672 4155 787 4227 βούλεται
809 4160 838 4210 Μ
901 4161 963 4215 θίν
984 4163 1058 4213 rubr.
1081 4167 1105 4213 A
1170 4158 1264 4214 ἅπασιν
1289 4161 1359 4213 Plar.
1425 4160 1454 4212 ll
1475 4161 1491 4226 ἢ
1511 4162 1568 4213 τόθε

444 4247 500 4286 om.
515 4233 545 4284 Μ
609 4232 639 4284 13
656 4231 750 4308 ἑκάστη
766 4236 833 4284 As‘r.
896 4233 928 4284 14
945 4233 1018 4298 ἐνάτη
1033 4238 1089 4285 ΑΗ
1108 4233 1195 4298 ἑννόιτη
1214 4233 1244 4284 Μ
1308 4234 1507 4298 ίπεστενωμίνον
1523 4231 1566 4291 Μ;

445 4305 696 4369 Ιουιιοόοτιυρίιιες
716 4303 999 4368 1οη.άπεστενωμθνην
1017 4305 1051 4364 ιίς
1069 4306 1113 4358 ἕνα
1132 4306 1174 4357 τδν
1188 4307 1336 4372 τυραννικόν
1399 4305 1430 4354 15
1448 4305 1537 4370 τροίθη
1551 4315 1569 4352 ιι

508 4377 539 4427 19
552 4373 978 4438 θιᾰοθόίάίιΑ1ειιροονετεοιο
1040 4375 1072 4427 20
1106 4381 1158 4428 ιόον
1174 4376 1262 4438 (sion
1324 4375 1410 4427 θθτὲν
1423 4370 1568 4440 φιλόκαλον]

445 4450 474 4499 τθ
492 4449 626 4514 φιλόκαλον
647 4449 684 4498 A·
745 4445 776 4496 23
792 4445 834 4496 τθν
849 4448 967 4512 ἐρωτικόν
986 4447 1013 4496 Μ
1080 4467 1095 4510 η
1112 4445 1170 4512 γάρ]
1186 4449 1202 4509 ἡ
1217 4445 1265 4512 γάρ
1281 4446 1309 4495 Μ
1330 4445 1394 4508 (jam
1414 4451 1570 4496 correxerat

447 4521 525 4580 Αοτ.)
588 4518 620 4569 26
636 4522 649 4569 ό
666 4517 766 4569 seclusi
829 4517 859 4566 27
876 4515 924 4582 ἐπ’]
940 4519 983 4570 ἀπ’
1000 4517 1028 4567 M
1093 4519 1124 4568 2⁸
1140 4519 1189 4584 γὰρ
1207 4517 1308 4566 seclusi
1371 4517 1403 4566 29
1420 4518 1569 4580 μεταδίδωσι

447 4603 501 4640 om.
517 4590 546 4640 Μ
561 4603 595 4640 ιιι
609 4586 790 4638 desideratur
806 4585 952 4638 verbum...
968 4587 999 4637 nr'
1004 4587 1101 4652 fallor
1117 4591 1218 4646 αἴτιος»
1234 4591 1301 4638 Λετ.
1367 4587 1398 4638 θΟ
1410 4587 1569 4652 τσυτότητοςί

446 4661 539 4719 τάξεως
554 4663 590 4710 Α·
605 4673 674 4710 corr.
690 4659 719 4709 in
734 4671 820 4722 marg.
834 4671 851 4710 n
914 4659 944 4708 34
962 4659 1053 4722 οὐκέτι]
1069 4658 1115 4710 οὐκ
1130 4659 1192 4710 αὑτά
1206 4661 1243 4708 A·
