3660 5686
430 617 461 666 90
607 593 608 600 ί
807 603 950 654 ΕΡΜΕΙΟΥ
971 602 1169 652 ΦΙΛΟΣΟΦΟΥ

332 739 398 834 [106]
430 765 447 832 ἡ
465 759 493 818 δέ
509 760 636 842 Ἐρωτικὴ
658 761 754 818 λοιπὸν
770 759 917 836 ἡνωμένην
934 756 1126 839 παραλαδοῦσσ
1145 764 1194 834 τὴν
1214 765 1305 844 ψυχὴν
1318 769 1399 822 τοῦτο
1414 764 1445 820 τὸ
1458 765 1487 822 ἐν
1501 774 1551 837 τῆς

429 863 521 940 ψυχῆς
540 867 601 922 τοῖς
620 865 697 922 Βεοῖς
717 860 761 915 καί
780 864 818 932 τῷ
840 865 931 932 νοητῷ
949 857 1041 915 κάλλει
1060 860 1194 919 συνάπτει.
1212 859 1339 940 Ὀρῶνται
1357 863 1406 936 μέν
1426 862 1473 920 οῦν
1487 863 1552 944 όττερ

429 955 544 1032 είπομεν
557 958 584 1015 ἐν
599 958 697 1033 ἑκάστη
712 957 758 1012 καί
774 959 801 1013 αί
816 955 918 1028 λοιπαί,
934 955 1005 1013 ἀλλά
1018 958 1085 1014 κατά
1100 958 1130 1014 τὸ
1146 958 1304 1038 ἐπικρατοῦν
1318 960 1416 1032 ἐκάστη
1434 961 1551 1040 λέγεται·

428 1061 508 1136 τριῶν
529 1056 580 1135 γάρ
605 1054 690 1112 όντων
713 1056 815 1112 τοῦτων
839 1055 926 1112 αὐτῶν
945 1055 1000 1110 τῶίι
1024 1061 1098 1112 θεῶν
1121 1063 1175 1112 τῶν
1198 1055 1324 1115 διδόντων
1348 1061 1475 1132 <καί>
1498 1067 1552 1118 τῶν

383 1161 397 1209 5
429 1154 528 1213 δόσεων
553 1155 641 1211 αὐτῶν
666 1155 711 1210 καί
738 1159 849 1233 τριττῶν
876 1158 930 1210 τῶν
960 1149 1236 1229 μεταλαμδανόντων,
1264 1155 1356 1228 ἐπειδὴ
1383 1161 1415 1215 τά
1446 1156 1553 1216 διδόντα

429 1253 533 1325 ἥνωται
546 1251 607 1308 καθ’
623 1249 778 1332 όπερδολὴν
791 1253 837 1308 καί
854 1251 881 1308 έν
896 1250 1022 1323 ἀλλήλοις
1041 1252 1109 1324 ἐστί,
1129 1252 1172 1311 διά
1188 1261 1268 1312 τοῦτο
1287 1257 1332 1311 καί
1351 1258 1378 1313 αί
1396 1255 1482 1324 δόσεις
1502 1280 1552 1333 με·

429 1352 538 1432 ’.έχουσι
555 1351 600 1407 καὶ
617 1355 792 1408 κοινωνοῦσιν
811 1348 953 1421 ἀλλήλων,
972 1351 1066 1407 καὶτὸ
1091 1351 1296 1433 ὑποδεχόμενον
1316 1355 1331 1410 6'
1350 1355 1420 1414 ἐστιν
1438 1359 1456 1426 ἡ
1476 1359 1551 1436 ψυχά,

429 1451 495 1528 πρὸς
513 1450 600 1512 πάσας
621 1447 777 1520 ἐπιτηδείως
793 1443 852 1528 ἔχει
868 1449 917 1512 τάς
935 1447 1031 1513 δόσεις.
1050 1445 1150 1514 Λάθοις
1164 1449 1187 1507 δ’
1202 1449 1233 1508 διν
1246 1453 1290 1508 καί
1306 1450 1392 1518 ’άλλως
1407 1453 1436 1510 ἐκ
1453 1453 1553 1534 διαιρέ-

430 1573 500 1614 σεως
520 1551 568 1613 τάς
585 1549 714 1626 τέσσαρας
736 1547 845 1622 μανίας
867 1547 925 1604 ἐπεί
943 1548 1027 1627 γὰρὴ
1046 1545 1146 1621 δλότης
1159 1556 1272 1630 τριχῶς,
1290 1551 1307 1621 ἢ
1324 1553 1362 1614 ὡς
1380 1551 1408 1608 ἐν
1422 1559 1461 1626 τῷ
1478 1553 1553 1632 μέρει
1605 1596 1612 1606 .

369 1651 398 1701 10
431 1649 448 1719 θ,
465 1651 503 1712 ὡς
520 1648 617 1704 ἐκτῶν
636 1652 726 1725 μερῶν
743 1646 761 1717 ἢ
777 1647 816 1710 ὡς
836 1647 886 1726 πρὸ
903 1651 992 1725 μερῶν
1008 1643 1076 1725 (ἔστι
1089 1647 1143 1726 γάρ
1160 1653 1278 1728 μερικῶς
1293 1649 1323 1705 τὸ
1338 1649 1416 1722 όλον,
1435 1651 1524 1730 ὥσπερ
1539 1653 1554 1707 6

430 1744 570 1825 ἅνθρωπος
595 1746 689 1822 μικρὸς
710 1745 815 1818 κόσμος
839 1742 946 1822 λέγεται
967 1745 1048 1824 μέρος
1069 1743 1107 1801 ῶν
1129 1753 1177 1802 τοῦ
1199 1746 1314 1821 κόσμου,
1338 1748 1383 1804 καὶ
1405 1749 1419 1803 6
1443 1750 1553 1828 μερικδς

430 1851 493 1909 νοῦς
511 1845 599 1900 πάντα
617 1839 676 1924 ἔχει
694 1843 726 1899 τά
749 1841 811 1914 είδη
833 1843 882 1900 δ’σα
901 1845 915 1899 6
934 1842 1098 1908 παντέλειος·
1121 1840 1177 1900 ἐστι
1195 1844 1223 1902 δέ
1241 1847 1287 1902 καί
1300 1846 1330 1902 τδ
1346 1845 1375 1902 ἐκ
1390 1853 1445 1902 τῶν
1462 1854 1553 1924 μερῶν

429 1944 508 2014 όλον,
530 1943 619 2022 ὥσπερ
641 1945 655 1999 6
671 1942 775 2016 κόσμος
794 1944 808 1998 6
826 1943 951 2012 αἰσθητὸς
970 1941 1001 1999 ἐκ
1019 1941 1127 2000 πάντων
1147 1942 1201 1999 ἐστί
1215 1949 1269 2000 τῶν
1285 1950 1375 2024 μερῶν
1390 1944 1482 2001 αὐτοῦ·
1499 1942 1554 2003 ἔστι

430 2041 458 2099 δέ
473 2043 503 2098 τὸ
518 2041 581 2098 δλον
596 2041 625 2097 τδ
643 2041 694 2120 πρὸ
710 2046 765 2096 τῶν
784 2045 887 2119 μερῶν,
904 2042 941 2104 ὡς
962 2041 993 2097 τδ
1011 2041 1038 2098 ἐν
1055 2045 1089 2116 τῇ
1105 2042 1260 2122 ρῦσειῆτῄ
1276 2047 1400 2122 ψυχῇπῇ
1417 2043 1554 2120 όλῃῆτῷ

289 2159 297 2194 ι
368 2140 399 2192 15
431 2147 469 2215 νῷ
491 2137 562 2204 είδος
582 2145 631 2196 τοῦ
650 2139 766 2213 κόσμου,
786 2141 831 2195 καίΙ
848 2138 876 2195 ἐν
894 2144 929 2214 τῇ
947 2142 1022 2219 ψυχῇ
1036 2145 1083 2196 τοῦ
1100 2138 1227 2220 τεχνίτου
1241 2141 1271 2195 τδ
1289 2138 1361 2204 εἶδος
1378 2149 1427 2212 τῆς
1440 2141 1551 2218 οἰκίας),

430 2245 477 2295 τοῦ
497 2239 544 2312 μἐν
559 2237 626 2296 ὅλου
640 2244 688 2295 τοῦ
706 2239 745 2301 ῶς
765 2238 863 2316 μέρους
881 2236 1088 2316 συναρμοστικαί
1104 2237 1168 2294 είσιν
1185 2239 1210 2294 αί
1226 2244 1329 2294 Μοῦσαι
1343 2241 1420 2311 καὶὴ
1438 2243 1552 2315 μουσικὴ

432 2336 525 2412 μανία,
549 2343 596 2392 τοῦ
618 2335 642 2393 δ’
664 2337 731 2394 δ’λον
750 2341 797 2392 τοῦ
819 2335 850 2392 ἐκ
869 2341 924 2392 τῶν
945 2341 1036 2414 μερῶν
1054 2338 1068 2392 6
1089 2336 1214 2400 Διόνυσος
1233 2339 1313 2407 καὶὴ
1336 2337 1484 2413 τελεστικὴ,
1505 2345 1553 2394 τοῦ

325 2450 353 2500 p·
367 2436 412 2486 107
432 2435 454 2493 δ’
471 2436 537 2494 όλου
552 2441 600 2492 τοῦ
619 2437 669 2516 πρὸ
684 2441 738 2492 τῶν
754 2441 844 2514 μερῶν
864 2437 878 2490 6
900 2433 1040 2491 Ἀπόλλων
1056 2437 1101 2491 καί
1119 2439 1137 2506 ἡ
1157 2439 1272 2510 μαντική
1279 2459 1286 2472 ·
1306 2436 1310 2515 ]
1330 2438 1343 2492 6
1362 2435 1390 2493 δέ
1405 2437 1490 2514 Ἕριος
1510 2437 1553 2494 ἐπὶ

430 2543 494 2592 πᾶσι
508 2543 588 2594 τοῦτο
603 2537 632 2593 τὸ
645 2537 673 2593 ’ἐν
687 2543 736 2606 τῆς
753 2539 846 2616 ψυχῆς
861 2535 906 2591 καὶ
927 2535 1010 2606 αὐτὴν
1024 2537 1074 2605 τὴν
1091 2537 1181 2614 ψυχὴν
1194 2541 1253 2600 τοῖς
1271 2541 1350 2600 Βεοῖς
1368 2534 1491 2614 ἐνιδρῦει,
1508 2537 1553 2592 καί

369 2633 400 2682 20
430 2641 509 2691 τοῦτο
532 2633 599 2691 ἐστιν
620 2631 699 2714 ἔργον
720 2642 770 2706 τῆς
793 2633 933 2712 ἐρωτικῆς,
956 2632 1069 2708 συνάψαι
1088 2635 1139 2704 τὴν
1161 2635 1251 2713 ψυχὴν
1271 2639 1329 2696 τοῖς
1352 2640 1429 2698 Ξεοῖς
1450 2636 1554 2708 καὶτῷ

431 2733 555 2813 ἀρράστιρ
570 2733 657 2789 αὐτῶν
672 2731 778 2791 κάλλει.
797 2727 896 2796 Λάθοις
911 2729 934 2787 δ’
951 2729 981 2786 άν
995 2732 1040 2787 καί1
1056 2730 1085 2786 ἐκ
1099 2736 1154 2786 τῶν
1166 2731 1287 2810 ἀριθμῶν
1302 2732 1392 2788 αῦτῶν
1406 2734 1455 2802 τὴν
1469 2725 1551 2798 τάξιν·

430 2834 479 2903 τὴν
498 2832 546 2906 μέν
567 2831 616 2910 γάρ
639 2830 742 2905 μονάδα
761 2828 912 2888 Ἀπόλλωνι
930 2830 1063 2908 ἀνιεροῦσι
1084 2827 1126 2886 διὰ
1146 2830 1175 2885 τδ
1196 2831 1295 2886 ἐνιαῖον
1315 2831 1395 2888 αὐτοῦ
1415 2839 1465 2902 τῆς
1485 2830 1553 2910 ἐνερ·

431 2931 522 3006 γείας,
539 2931 578 2993 ῶς
593 2932 668 3000 καῖέ,
687 2929 771 3004 μονάς
790 2928 897 2993 ένιαίως
914 2927 1015 2992 πάντας
1035 2924 1093 3008 ἔχει
1108 2927 1171 2994 τοῦς
1187 2928 1324 3009 ἀριθμούς·
1346 2930 1395 3000 τὴν
1415 2927 1443 2985 δέ
1460 2927 1554 3008 τριάδα

430 3034 469 3102 τῷ
489 3029 608 3102 Διονύσῳ
628 3029 668 3102 ὡς
687 3025 806 3098 τελείαν,
829 3027 918 3106 ἀρχὴν
939 3028 983 3084 καί
1004 3027 1071 3102 μέσα
1092 3027 1136 3083 καί
1156 3025 1232 3092 τέλος
1256 3026 1383 3107 ἔχουσαν,
1405 3027 1495 3107 ὥσπερ
1509 3029 1554 3083 καί

369 3126 398 3176 25
432 3128 446 3182 δ
470 3127 594 3190 Διόνυσος
618 3125 714 3183 τελέαν
731 3131 802 3182 ποιεῖ
825 3126 875 3196 τὴν
895 3127 997 3204 ψυχήν·
1019 3132 1081 3190 ταῖς
1106 3123 1134 3181 δέ
1160 3125 1279 3189 Μοίσαις
1299 3126 1344 3182 τὸν
1374 3126 1458 3198 ἐννέα,
1485 3124 1553 3188 διότι

431 3225 516 3287 πάσας
531 3225 577 3288 τὰς
590 3225 718 3304 ἁρμονίας
731 3224 834 3288 καὶτὰς
849 3225 952 3304 σγέσεις
966 3220 1023 3304 ἔχει
1036 3223 1063 3280 έν
1076 3225 1174 3298 ἐαυτῷ,
1191 3223 1249 3280 ἐπεί
1260 3225 1305 3280 καί
1319 3231 1391 3280 πᾶσα
1405 3227 1423 3295 ἡ
1436 3222 1553 3304 πρόοδος

431 3329 485 3379 τῶν
502 3324 624 3402 ἀριθμῶν
641 3324 678 3389 είς
692 3323 738 3379 τὸν
757 3322 827 3380 ἐννέα
846 3328 999 3402 περαιοῦται
1018 3321 1070 3400 (διδ
1088 3322 1132 3378 καί
1149 3321 1237 3379 ἐννεον
1255 3322 1336 3393 αὐτὴν
1354 3321 1488 3400 ἐκάλουν),
1508 3324 1554 3378 καί

326 3419 416 3470 ΜΝ
431 3424 495 3500 ὁρᾷς
515 3422 591 3492 δτιέ,
614 3423 661 3496 μὲν
683 3425 766 3497 μονάς
786 3423 824 3486 ῶς
844 3421 938 3500 πρῶτα,
959 3421 963 3499 1
982 3422 1027 3477 τὸν
1044 3421 1106 3500 τρία
1126 3419 1227 3478 τέλειον
1245 3427 1328 3492 ποιεῖ,
1350 3424 1364 3478 6
1384 3419 1411 3478 δέ
1430 3422 1491 3500 τρία
1507 3422 1553 3477 τὸν

432 3520 515 3591 ἐννέα,
529 3522 580 3600 πρὸ
596 3519 624 3576 δέ
636 3528 687 3591 τῆς
704 3519 818 3595 μονάδος
833 3515 927 3583 λα’ῦοις
944 3519 975 3576 άν
990 3520 1020 3575 τὸ
1035 3520 1063 3576 ἐν
1078 3519 1215 3598 ἀνάλογον
1228 3525 1266 3594 τῷ
1281 3515 1359 3598 ἐρωτι
1372 3522 1416 3576 καί
1430 3520 1551 3598 τάγαθῷ,

370 3618 400 3668 30
433 3621 464 3676 οῦ
478 3619 555 3677 πάντ’
568 3620 681 3700 ἐφίεται·
698 3620 737 3682 είς
751 3619 800 3698 γάρ
814 3619 844 3675 τὸ
858 3619 886 3674 ἐν
897 3619 927 3674 τὸ
939 3623 994 3674 τῶν
1009 3623 1082 3676 θεῶν
1097 3617 1190 3696 ἀνάγει
1204 3618 1289 3673 πάντα
1302 3620 1316 3673 6
1327 3617 1424 3699 Ἔρως.
1440 3619 1489 3673 Καὶ
1502 3619 1553 3687 τὴν

431 3717 543 3797 τετράδα
567 3718 595 3774 δέ
618 3717 676 3774 κατ’
696 3715 780 3780 ἄλλας
803 3713 933 3781 ἐπιδολὰς
953 3722 993 3790 τῷ
1017 3717 1135 3791 Διονύσῳ
1157 3717 1307 3786 ᾆνατιθέασι
1327 3715 1371 3773 διά
1391 3717 1421 3772 τὸ
1443 3715 1552 3794 πρώτην

432 3816 519 3878 πάσας
539 3811 611 3895 ἔχειν
631 3816 678 3879 τάς
704 3813 835 3893 ἁρμονίας
857 3812 999 3894 [ἐπίτριτον
1019 3804 1074 3892 W,
1099 3813 1225 3889 ἡμιόλιον
1247 3800 1304 3893 γῦτ,
1327 3812 1397 3894 [τὸν]
1419 3811 1554 3870 διπλάσιον

465 4058 493 4108 11
508 4060 604 4122 λέγεται
621 4056 932 4121 meo-Pythagoricis:
948 4056 984 4108 σί.
1001 4056 1066 4106 Μίδα
1081 4056 1204 4122 Ρριὴαρ.
1219 4058 1248 4108 iu
1264 4057 1353 4108 Ριιοτ.
1368 4055 1428 4107 cod.
1444 4055 1490 4108 249

432 4130 463 4180 27
479 4129 584 4181 ἐκάλουν
601 4143 607 4178 :
623 4127 657 4179 de
672 4127 724 4179 hoc
737 4129 805 4179 nihil
820 4129 917 4179 inveni

466 4265 512 4315 Nc
528 4265 543 4314 4
559 4273 608 4316 τῶν
622 4267 686 4314 ante
700 4266 818 4315 διδόντων
833 4276 887 4313 om.
904 4263 931 4311 M
996 4264 1038 4312 καί
1052 4259 1146 4311 addidi
1208 4261 1222 4310 5
1235 4261 1348 4326 τριττῶν]
1363 4263 1451 4328 τρίτων
1465 4266 1490 4313 Α

431 4335 599 4386 8δόοι.Μ
663 4334 897 4400 θέπεὶ]έπειδὴΜ
963 4331 992 4383 11
1010 4333 1106 4398 μιαρδς]
1125 4333 1269 4400 μερικδςΜ
1334 4333 1364 4381 15
1380 4335 1423 4383 καί
1436 4333 1551 4397 scripsi:

433 4413 467 4465 ὡς
483 4407 545 4457 libri
609 4405 699 4472 οίκίας]
715 4409 807 4464 οἰκείας
823 4407 853 4454 Μ
871 4405 936 4467 (jam
951 4411 1106 4454 correxerat
1120 4406 1186 4466 Αετ]
1252 4403 1281 4454 19
1297 4401 1415 4470 ἑνιδρῦει]
1431 4401 1553 4472 ἑνεδρεῦει

434 4479 461 4527 Μ
478 4477 542 4539 ciam
558 4486 713 4529 correxerat
727 4481 794 4539 Αοτ]
858 4477 888 4526 23
909 4475 1105 4542 ἕχειπάνταςΜ
1172 4477 1202 4526 25
1219 4479 1313 4526 τελείαν
1330 4475 1357 4524 Μ
1407 4476 1453 4526 '26
1473 4481 1553 4542 ἁρμο-

433 4549 496 4613 νίας]
511 4555 635 4617 ἐνεργείας
647 4551 675 4599 Μ
740 4550 770 4599 27
785 4549 877 4612 ἔννεον]
891 4549 972 4599 ἐννεδν
988 4547 1016 4596 Μ
1033 4561 1038 4596 :
1054 4547 1120 4608 quid
1135 4548 1169 4597 sit
1183 4549 1277 4598 nescio
1340 4546 1427 4612 αὐτὴν]
1438 4547 1512 4598 αῦτδν
1523 4548 1551 4596 Μ

495 4621 527 4671 28
542 4624 584 4672 τὸν
600 4626 656 4688 τρία
669 4619 772 4685 τέλειον]
786 4620 830 4684 τὴν
844 4619 932 4686 τριάδα
945 4623 1039 4670 τελείαν
1058 4620 1086 4668 Μ
1152 4624 1165 4669 6
1184 4619 1210 4670 δέ
1224 4618 1289 4687 τρία]
1304 4621 1320 4681 ἡ
1335 4619 1360 4669 δέ
1374 4619 1443 4685 τριὰς
1461 4619 1488 4668 Μ

433 4691 464 4741 29
482 4692 593 4760 τάγαθῷ]
614 4695 700 4761 ἀγαθῷ
718 4694 746 4743 Μ
811 4693 839 4741 31
859 4690 902 4754 τὴν
921 4689 1035 4758 τετράδα]
1051 4691 1094 4755 τήν
1111 4710 1137 4742 τε
1156 4691 1244 4758 τριάδα
1268 4691 1320 4741 M:
1340 4689 1384 4753 τήν
1405 4708 1431 4739 τε
1449 4689 1552 4756 τετράδα

434 4767 493 4814 Αετ
556 4764 586 4813 32
601 4769 628 4814 οι
640 4764 706 4830 91‚1
723 4765 765 4815 τὸν
780 4769 820 4813 ter
835 4763 935 4816 seclusi
998 4761 1141 4828 διπλάσιον]
1156 4765 1304 4814 διπλασίονα
1319 4765 1354 4813 Α·
