3660 5686
504 612 558 662 ΕΙΣ
580 613 640 662 1οΝ
664 612 839 663 nmmos
861 604 1003 662 ΦΑΙΔΡΟΝ
1026 611 1149 662 ΣΧΟΛΙΑ
1345 621 1390 672 121

172 771 238 840 112⁴]
270 765 355 845 λὲγοι,
377 765 453 823 οὐδὲν
470 766 561 824 κοινόν
579 765 647 844 πρὸς
666 768 716 838 τήν
735 767 838 848 ψυχήν·
855 765 886 822 οδ
901 767 1026 846 γάρπερὶ
1045 763 1122 823 ίδιῖυν
1137 765 1276 845 πρόκειται
1292 767 1389 845 λέγειν·

271 867 294 924 εί
307 863 335 922 δὶ
350 863 406 923 ίδέα
419 872 470 936 τῆς
485 867 577 946 ψυχῆς
591 867 641 937 τήν
656 863 748 924 οὐσίαν
765 864 849 936 αὐτῆς
867 865 1008 940 σημαίνοι,
1029 863 1121 934 ἐπειδὴ
1138 863 1239 923 ἁπλοῦν
1256 864 1327 932 είδυς
1345 867 1391 924 καί

272 961 350 1021 ἄυλον
365 967 383 1034 ἡ
399 963 487 1044 ψυχή,
508 963 552 1020 καί
569 963 600 1021 οὐ
616 963 647 1020 τὸ
663 961 712 1039 μὲν
731 985 758 1020 τι
775 963 859 1035 αότής
874 966 932 1020 οἷον
948 963 1128 1038 ὑποκείμενον
1143 965 1175 1021 τὸ
1190 961 1220 1020 δὲ
1235 967 1292 1022 οἷον
1307 963 1389 1038 εἶδος,

272 1061 341 1121 ἀλλὰ
355 1061 451 1119 ταότδν
466 1063 540 1144 ψυχή
556 1063 601 1118 καὶ
616 1061 646 1118 τὸ
664 1063 739 1144 ψυχὴ
755 1061 835 1138 εἶναι,
856 1058 893 1126 δίς
910 1058 982 1119 ἔσται
994 1063 1054 1142 περί
1067 1069 1116 1134 τῆς
1130 1049 1221 1127 οὐσίας
1236 1071 1285 1135 τῆς
1298 1068 1390 1144 ψυχῆς

227 1167 242 1216 5
274 1158 374 1239 λόγων.
398 1158 526 1241 Ἐροῦμεν
547 1157 593 1218 οὗν
613 1160 655 1217 ότι
675 1160 754 1216 οὐσία
774 1159 823 1235 μὶν
845 1160 957 1218 ἑκάστου
973 1161 1130 1240 πράγματός
1150 1160 1251 1218 ἔστιτὸ
1269 1161 1298 1219 ἓν
1316 1161 1346 1218 τὸ
1364 1162 1391 1220 ὲν

274 1259 347 1334 αδτΐρ
361 1259 405 1316 καί
419 1260 450 1315 τὸ
463 1261 522 1316 οἷον
537 1257 699 1316 ίνικιίιτατον
714 1259 805 1338 (τοῦτο
820 1259 871 1338 γάρ
886 1258 942 1317 άστι
956 1259 987 1316 τό
1000 1259 1029 1316 ἓν
1042 1260 1073 1315 τὸ
1088 1260 1199 1318 ἑκάστου
1213 1258 1336 1331 πλήθους
1352 1261 1391 1325 ὡς

274 1357 331 1414 οἶόν
344 1379 373 1414 τι
385 1355 578 1438 ἁπαρίμρατον
589 1356 734 1437 ὑπάρχον),
748 1357 780 1414 τδ
791 1354 821 1414 δὲ
836 1355 908 1422 είδος
921 1355 974 1429 ἤδη
987 1358 1033 1413 καί
1046 1357 1076 1414 τὸ
1088 1355 1193 1427 πλῆθος
1205 1359 1294 1415 καὶτὰ
1308 1359 1393 1415 οίονεί

274 1461 398 1535 στοιχεῖα
421 1451 584 1512 ἐνδείκνυται
606 1461 655 1511 τοῦ
678 1454 846 1534 πράγματος.
872 1457 921 1512 Καὶ
943 1456 974 1512 τὸ
997 1455 1026 1514 ἓν
1046 1457 1172 1528 <καὶ>
1191 1454 1286 1514 πολλὰ
1312 1455 1392 1514 αὐτοῦ

274 1549 362 1609 ἐθέλει
384 1551 539 1627 σημαίνειν·
564 1549 619 1608 ἔστι
640 1554 692 1631 γὰρ
713 1555 731 1624 ή
754 1555 828 1634 ψυχή
850 1553 879 1612 ἓν
897 1555 941 1610 καὶ
961 1552 1059 1611 πολλά·
1080 1551 1143 1611 οὔτε
1165 1554 1216 1634 γάρ
1239 1554 1328 1630 μόνως
1349 1555 1394 1612 καί

211 1655 242 1706 10
272 1653 397 1730 καθαρῶς
414 1650 442 1707 ἓν
461 1648 522 1708 σι”πε
539 1649 647 1722 πλῆθος
667 1649 872 1726 διεσπασμένον.
889 1651 917 1709 '0
933 1647 982 1727 μὲν
997 1651 1045 1709 οὖν
1062 1653 1192 1733 πρότερος
1209 1651 1293 1731 λόγος
1313 1655 1328 1710 ό
1346 1656 1395 1725 τήν

169 1754 255 1819 p.125
274 1748 418 1806 ἀθανασίαν
437 1748 517 1819 αὐτῆς
534 1749 740 1816 κατασκευάζων
758 1751 821 1829 περὶ
838 1751 869 1808 τὸ
888 1751 893 1829 l
911 1749 1038 1815 οὐσιῶδες
1057 1749 1141 1822 αὐτῆς
1161 1751 1190 1808 ἓν
1209 1751 1391 1834 άνεστρίρετο·

275 1850 290 1904 ό
305 1845 333 1905 δὶ
345 1853 389 1904 ν5ν
404 1846 515 1923 μέλλων
530 1845 655 1926 λέγεσθαι
670 1849 755 1928 ὁπερὶ
769 1856 820 1920 τῆς
836 1847 906 1914 ίδάας
917 1849 978 1929 περί
993 1849 1023 1906 τδ
1035 1849 1143 1921 πλῆθος
1155 1850 1199 1906 καὶ
1212 1850 1245 1906 τά
1257 1855 1391 1931 στοιχεῖα·

274 1953 354 2004 τοῦτο
374 1947 424 2026 γάρ
445 1944 588 2025 βούλονται
609 1949 635 2004 οί
654 1945 734 2003 ίπποι
751 1949 797 2004 καὶ
816 1950 830 2004 ό
848 1947 974 2029 ἡνίοχος.
991 1946 1131 2028 ’Δνωτὲρω
1149 1945 1200 2022 ’μὲν
1220 1945 1266 2005 οὗν
1284 1948 1393 2013 ίνιαίως

273 2047 403 2121 ἡμῖνκαὶ
423 2043 600 2126 άθροόστερον
616 2043 760 2126 παρεδίδου
778 2048 826 2118 τήν
840 2053 892 2118 τῆς
910 2050 1000 2128 ψυχῆς
1018 2045 1120 2104 υόσίαν·
1136 2046 1166 2104 τό
1181 2047 1236 2127 γάρ·
1251 2045 1280 2102 δν
1296 2046 1392 2118 αὐτῆς,

212 2148 242 2198 15
274 2143 450 2215 αὐτοκίνητόν
466 2164 496 2201 τι
512 2145 557 2200 καί
576 2144 727 2216 ἀεικίνητον
749 2144 793 2201 καί
814 2143 944 2202 ἀθάνατον
961 2145 1094 2226 ὑπάρχον,
1112 2146 1170 2202 οἷον
1185 2142 1215 2201 ἓν
1230 2143 1290 2210 πώς
1310 2145 1392 2220 ἐστιν,

274 2241 428 2322 αἰτιώτερον
446 2241 474 2301 δὲ
492 2263 552 2308 πως
570 2241 611 2300 άεί
628 2243 659 2298 τὸ
674 2242 806 2322 πρότερον
821 2248 860 2317 τῷ
876 2240 991 2322 δευτίριμ
1004 2243 1048 2299 καί
1062 2243 1093 2300 τδ
1109 2240 1233 2322 δεύτερον
1246 2248 1284 2323 τῷ
1299 2243 1392 2322 τρίτῳ·

273 2341 352 2398 τότε
372 2341 422 2421 γάρ
445 2341 622 2413 αὐτοκίνητον
643 2338 732 2398 αίτιον
750 2345 798 2399 τοῦ
818 2341 980 2414 άεικινήτου,
1000 2341 1031 2398 τό
1049 2363 1079 2400 τι
1097 2341 1248 2412 άεικίνητον
1266 2345 1314 2399 τοῦ
1328 2340 1394 2397 άθα-

274 2440 365 2499 νάτου.
387 2439 440 2498 Διίο
459 2439 510 2520 γάρ
531 2436 613 2496 ὄντων
638 2439 753 2512 τούτων,
772 2445 819 2496 τσῡ
841 2461 871 2496 τε
895 2439 1022 2511 ἀκινήτου
1045 2441 1060 2498 δ
1082 2440 1204 2519 κρεῖττόν
1228 2439 1283 2496 ἐστι
1305 2439 1395 2511 πάσης

274 2540 407 2610 κινήσεως
421 2539 466 2595 καί
481 2540 552 2610 ζωῆς
566 2539 624 2594 οἷον
637 2538 669 2594 τό
684 2537 841 2617 ὑπεροίσιον
854 2538 884 2595 ἓν
897 2539 942 2596 καί
958 2540 986 2595 ιιί
1001 2543 1104 2618 πρῶται
1119 2535 1218 2610 ίνοίδες,
1231 2543 1280 2594 τοῦ
1292 2559 1322 2594 τε
1340 2538 1395 2594 ἕτε-

212 2637 244 2690 θθ
276 2637 419 2714 ροκινήτου
440 2637 455 2692 δ
475 2635 572 2717 χεῖρόν
597 2635 653 2692 ἐστι
676 2637 720 2692 καί
742 2633 950 2715 καταδεέστερον
974 2635 1063 2708 πάσης
1089 2638 1162 2707 ζωῆς
1185 2635 1230 2692 καί
1251 2638 1394 2708 κινήσεως,

274 2733 489 2815 προσιχίστερόν
509 2735 564 2792 ίστι
583 2734 613 2790 τό
633 2734 682 2809 μὶν
702 2733 877 2808 αὐτοκίνητον
894 2741 933 2811 τῷ
952 2735 1072 2810 άκινή-τιρ
1088 2735 1143 2814 (ἀεὶ
1161 2735 1212 2814 γάρ
1232 2733 1309 2791 ίαυτδ
1330 2734 1396 2812 βοό-

276 2830 353 2890 λεται
374 2833 521 2908 σῴζειντὸ
545 2831 733 2905 αὐτοκίνητον,
756 2833 846 2918 ὥσπερ
868 2833 910 2892 όεί
933 2832 987 2890 ίατι
1010 2834 1041 2890 τδ
1065 2833 1242 2905 αὐτοκίνητον
1261 2835 1279 2904 ἡ
1301 2831 1397 2913 πρώτη

276 2929 375 3011 ἀρχή),
393 2929 423 2988 τδ
443 2927 471 2986 δὲ
490 2930 620 2988 ἀθάνατον
635 2937 675 3006 τῷ
689 2933 878 3011 ίτιροκινήτῳ·
894 2933 964 2988 κατὰ
979 2932 1100 3013 στέρησιν
1114 2931 1165 3012 γὰρ
1180 2929 1234 3002 ήδη
1249 2935 1296 2987 τοῦ
1311 2928 1396 2987 Βανά-

275 3048 323 3084 του
342 3024 491 3108 λεγόμενον
509 3029 721 3110 προσιχίσττρόν
738 3027 793 3087 ἔστι
810 3035 869 3094 τοῖς
891 3030 1100 3109 θτιροκινήτοις,
1122 3029 1154 3084 τά
1174 3026 1203 3086 δὶ
1223 3027 1336 3098 άκίνητα
1352 3027 1398 3084 καί

212 3128 243 3180 25
276 3125 340 3205 ίιπὶρ
354 3126 384 3182 τὸ
397 3125 526 3184 ἀθάνατόν
539 3126 615 3184 ἐστιν·
631 3129 649 3198 ἡ
666 3125 694 3184 δὲ
709 3126 840 3185 ἀθανασία
854 3130 911 3200 ζωή
927 3128 969 3192 τίς
982 3126 1053 3185 άστιν
1067 3129 1125 3184 οἷον
1136 3129 1207 3200 πνοή
1221 3148 1260 3190 τις
1272 3123 1339 3184 οὖσα
1350 3133 1398 3198 τῆς

276 3223 366 3288 οὐσίας
386 3231 436 3296 τῆς
456 3222 674 3304 ψυχῆς.1“ριάδα
692 3222 739 3280 οὗν
759 3225 860 3296 ταότην
880 3224 1071 3304 ὲθεωρήσαμεν
1088 3223 1130 3282 ἐπὶ
1144 3231 1196 3294 τῆς
1211 3226 1303 3304 ψυχῆς
1322 3223 1358 3288 είς
1370 3220 1398 3280 ἓν

275 3343 301 3378 τι
313 3322 517 3404 συντρίχουσαν.
529 3323 623 3402 Λόγων
633 3321 661 3379 δὲ
674 3315 736 3394 ἑξῆς
746 3323 790 3380 καὶ
804 3322 837 3379 τά
849 3323 911 3402 περί
926 3331 975 3394 τῆς
988 3319 1061 3386 ἰδέας
1071 3319 1150 3379 πάλιν
1163 3318 1254 3401 τριάδα
1267 3320 1396 3397 λήψεται,

275 3418 410 3498 ἀνάλογον
423 3422 473 3496 μὶν
484 3425 518 3496 τῇ
530 3421 715 3502 προειρημένη
728 3418 825 3500 τριάδι,
839 3419 867 3478 ίν
879 3420 987 3478 πλείονι
999 3419 1027 3478 δὲ
1040 3421 1177 3500 ἑτερότητι
1190 3419 1395 3500 θεωρουμίνην.

276 3517 380 3598 Ὥσπερ
401 3518 453 3598 γάρ
475 3521 489 3576 ὁ
510 3519 573 3600 τρία
591 3520 704 3600 ἀριθμός
725 3519 827 3600 προιὼν
847 3519 885 3582 εἷς
906 3518 1019 3577 πλείονα
1038 3517 1173 3576 διάστασιν
1190 3519 1236 3576 καί
1257 3517 1399 3599 ίτερότητα

214 3627 245 3677 θθ
275 3623 362 3698 χωρεῖ
380 3618 424 3674 καὶ
442 3619 615 3698 προέρχεται,
634 3619 679 3674 καί
696 3617 799 3698 χείρων
819 3618 913 3674 ίαυτοῡ
932 3617 1034 3695 γίνεται
1052 3620 1120 3674 κατὰ
1139 3620 1189 3689 τήν
1209 3614 1338 3696 πρόοδον,
1355 3616 1398 3674 ἀεί

278 3716 366 3791 μένων
380 3715 450 3794 τρία,
467 3717 525 3773 οἷον
539 3716 707 3796 τετράγωνός
721 3737 752 3773 τε
766 3715 910 3796 γινόμενος
923 3718 968 3773 καί
982 3713 1065 3772 πάλιν
1079 3712 1162 3780 κάδος
1178 3715 1274 3790 σῴζων
1286 3715 1327 3772 ἀεὶ
1346 3717 1397 3786 τήν

278 3811 400 3886 ίδιότητα
417 3819 465 3872 τοῦ
481 3813 552 3893 τρία·
570 3813 642 3872 οίίτω
654 3815 701 3871 καί
716 3817 734 3885 ἡ
749 3815 826 3896 ψυχή
841 3815 894 3872 άπδ
908 3821 957 3872 τοῦ
974 3813 1081 3880 ίνιαίως
1100 3815 1198 3885 ἑαυτῆς
1214 3811 1304 3884 ὄντος,
1320 3815 1334 3868 ίι
1352 3813 1397 3882 καί

278 3911 343 3970 αὐτὸ
366 3913 544 3992 άθροάστερυν
565 3913 593 3970 ίν
615 3913 678 3993 τρία
701 3911 783 3986 ἐστίν,
804 3912 847 3970 ἐπὶ
869 3913 954 3970 πλέον
977 3912 1148 3992 προελθοῦσα
1170 3914 1214 3968 καί
1234 3912 1399 3989 ίτεριυθεῑσα

172 4020 263 4071 mr·
276 4010 380 4090 γίνεται
398 4009 477 4068 πάλιν
492 4011 522 4068 ’ἑν
543 4011 601 4090 τρία
619 4009 624 4090 1
643 4010 671 4068 ἐν
688 4009 792 4068 πλείονι
807 4009 941 4069 διαστάσει
955 4011 1148 4091 Βεωρουμίνη,
1166 4008 1237 4089 λέγω
1253 4007 1286 4080 δή
1302 4031 1336 4085 τη
1351 4013 1397 4066 τοῦ

217 4111 247 4160 35
278 4109 392 4191 ἡνιόχου
413 4110 457 4166 καί
478 4113 533 4166 τῶν
553 4106 600 4167 δάο
620 4108 723 4176 ίππων,
740 4109 826 4168 Ἀλλά
845 4109 913 4174 τίνες
935 4110 992 4168 θ’τε
1009 4108 1125 4191 ήνίοχος
1140 4109 1186 4166 καὶ
1202 4111 1228 4165 οί
1243 4106 1290 4164 δίο
1302 4106 1396 4186 ίπττοι;

310 4303 372 4356 TIT
388 4305 418 4356 35
431 4309 494 4365 τίνες
509 4311 523 4357 ό
537 4309 640 4373 ἡνίοχος
630 4308 696 4358 καί
711 4311 735 4358 υί
750 4303 820 4358 δυο”
809 4325 881 4359 ιπποι
896 4306 917 4356 C

311 4416 358 4468 NG
379 4415 489 4483 1λάγαι]
510 4421 576 4485 λέγει
597 4418 626 4469 Μ
690 4415 789 4482 2ιί]ἡ
813 4418 843 4468 Μ
907 4415 1036 4482 σημαίνοι]
1058 4420 1173 4480 σημαίνει
1193 4416 1246 4466 Μ.
1268 4412 1336 4465 (31.1

279 4490 294 4540 3
312 4491 355 4553 μὲν
364 4487 398 4554 τι]
412 4492 493 4553 μέντοι
507 4489 536 4540 Μ
599 4489 615 4538 4
631 4494 701 4556 ψυχὴ
711 4491 735 4539 A
746 4490 893 4554 posteriore
904 4489 963 4540 loeo
1026 4489 1041 4539 7
1056 4489 1132 4539 υίονεί
1148 4479 1218 4536 M
1193 4505 1246 4538 υιον
1260 4503 1286 4538 τι
1302 4485 1359 4548 (σία)
1375 4487 1399 4534 Α

340 4559 515 4612 Βκαίαιίιίίιίί
577 4560 710 4611 θθίλειΜ
775 4560 806 4612 18
819 4579 930 4628 αρειττον
945 4561 997 4612 ἐ’στι
1011 4563 1036 4610 A
1098 4559 1130 4609 20
1144 4557 1258 4626 χιίρυν”
1246 4560 1336 4608 εστιΑ

341 4631 373 4682 22
393 4631 554 4696 αὐτοκίνητον
576 4631 722 4696 posteriore
742 4631 813 4696 1000]
837 4635 954 4698 ἀκίνητον
977 4634 1002 4681 A
1065 4631 1095 4680 25
1114 4631 1181 4682 ἐστίν
1197 4631 1222 4680 Α
1285 4627 1317 4678 28
1336 4630 1399 4678 θεω-

282 4704 404 4770 ρουμίνην
425 4706 547 4770 ετερότηςι
564 4701 594 4753 Μ
657 4701 689 4754 29
703 4705 760 4770 τρία
779 4701 894 4788 ἀριθμός]
910 4701 1053 4770 τριάριθμος
1071 4701 1099 4751 Μ
1163 4701 1197 4752 30
1211 4705 1296 4766 χεῖρον
1311 4701 1336 4750 A

281 4773 308 4821 ³1
326 4774 459 4839 γενόμενος
475 4773 503 4822 Μ
568 4773 598 4822 34
614 4771 741 4836 δὴζόὶΜ
806 4773 836 4821 35
854 4769 1133 4826 δύααηθσίπποιοω.
1151 4773 1189 4822 A·
