3600 5734
465 623 510 678 171
845 617 987 670 mmor
1008 617 1205 668 ΦΙΛΟΣΟΦΟΥ

364 775 430 842 1155]
463 768 614 850 Ἐχρήσατο
629 769 668 843 δέ,
684 771 775 850 ὥσπερ
791 771 822 828 ὐν
837 769 912 830 είποι
926 793 979 842 τις,
996 777 1034 851 τῷ
1047 773 1116 829 κατὰ
1130 769 1257 830 ἀνάλυσιν
1275 769 1362 851 λόγῳ·
1380 777 1440 830 οἷον
1456 774 1487 830 τὸ
1499 773 1587 852 πέριξ

461 873 517 924 τῶν
542 869 690 948 ἀνθρώπων
711 867 787 928 οὐδέν
812 868 882 928 ἀλλο
908 870 977 928 ἐστίν
999 871 1016 942 ή
1043 869 1215 946 εὐδαιμονία,
1239 869 1377 928 τουτέστιν
1400 873 1418 943 ἡ
1443 873 1546 952 συναρή
1569 873 1587 940 ἡ

459 968 528 1048 πρὸς
542 967 605 1032 τούς
621 969 715 1033 αεοός·
731 969 764 1026 οὐ
779 969 881 1027 τίθεται
895 969 947 1050 γύρ
961 971 977 1027 ό
990 969 1105 1028 Ολύτων
1120 969 1148 1026 έν
1159 977 1217 1034 τοῖς
1235 969 1312 1034 έατὸς
1329 972 1379 1042 τήν
1397 967 1586 1045 εὐδαιμονίαν·

460 1066 620 1124 συνάπτεται
643 1064 672 1124 δέ
695 1073 776 1132 θεοῖς
801 1071 819 1140 ἡ
843 1071 918 1148 ψυχή
939 1068 1002 1125 ὅταν
1021 1067 1132 1126 ένταύθα
1156 1068 1223 1126 οὐσα
1245 1069 1290 1126 καί
1313 1075 1456 1148 θεωρούσα
1477 1070 1507 1126 τὸ
1532 1075 1588 1125 πᾶν

413 1170 428 1218 5
461 1163 588 1236 αίαθητδν
610 1166 655 1222 καί
675 1165 799 1246 οὐρύνιον
819 1166 926 1230 κάλλος
948 1165 1108 1242 ἀναμνησθῇ
1131 1171 1179 1222 τού
1199 1172 1298 1238 νοητοῦ
1313 1164 1447 1230 κάλλους·
1467 1168 1590 1242 ἀναμιμ-

460 1263 587 1338 νήσκεται
605 1261 634 1320 δέ
652 1263 671 1335 ή
688 1285 755 1322 ποτε
772 1263 942 1339 θεασαμένη·
961 1267 979 1335 ί,
995 1265 1046 1344 γὰρ
1062 1263 1213 1340 ἀνάμνησις
1228 1263 1271 1321 έπί
1285 1266 1323 1321 ὧν
1338 1263 1405 1344 έγνω
1420 1288 1461 1330 τις
1477 1265 1494 1336 ί,
1512 1263 1587 1323 εἶδεν

461 1358 589 1432 ἧήκουσε
602 1361 715 1440 γίνεται·
729 1363 795 1420 ποτέ
809 1360 837 1420 δέ
853 1361 980 1420 έθειίσατο
994 1365 1012 1432 ί,
1027 1362 1290 1442 συμπεριπολήσασα
1301 1369 1359 1427 τοῖς
1372 1363 1479 1426 οίκείοις
1493 1369 1584 1426 2203:-

460 1458 627 1530 συνεπόλησε
646 1457 675 1517 δέ
692 1461 715 1518 εί
731 1461 864 1524 ἀθάνατος
885 1458 943 1532 είη·
965 1459 989 1519 εί
1014 1461 1066 1540 γύρ
1086 1463 1125 1537 μή
1143 1458 1190 1532 είη
1211 1461 1352 1532 ἀθόνατος,
1374 1459 1502 1534 δηλονότι
1519 1459 1585 1519 οὐτε

460 1555 658 1636 περιεπόλησεν
674 1556 736 1616 οὐτε
749 1557 918 1635 ἀνεμνήσθη·
936 1556 979 1615 διίι
993 1567 1074 1616 τούτο
1089 1560 1149 1616 εἶπε
1167 1565 1276 1640 πρῶτον
1290 1560 1351 1638 περὶ
1368 1558 1512 1624 ἀθανασίας
1529 1567 1584 1629 τῆς

398 1659 430 1711 1⁰
461 1658 552 1736 ψυχῆς
574 1655 619 1712 καί
638 1663 689 1728 τῆς
713 1655 784 1720 ίθέας
806 1658 851 1714 καί
871 1662 924 1713 τῶν
946 1649 1021 1728 έξῆς,
1045 1655 1089 1713 καί
1113 1659 1183 1732 μετὰ
1203 1663 1282 1715 τοῦτο
1305 1657 1341 1722 είς
1359 1657 1376 1713 ’ὰ
1392 1655 1492 1731 μέλλει
1507 1659 1584 1730 ἡμᾶς

462 1751 535 1832 ἄγειν
553 1754 568 1810 θ
589 1753 666 1833 ἔρως,
689 1753 761 1833 λέγω
783 1755 815 1828 δή
838 1757 875 1820 είς
897 1757 946 1828 τήν
965 1756 1069 1828 νοητήν
1090 1756 1250 1812 οὐσίανκαὶ
1273 1755 1303 1812 τό
1325 1761 1402 1813 θεῖον
1422 1753 1517 1819 κάλλος
1535 1753 1583 1810 καί

363 1843 445 1910 1)·156
462 1849 565 1908 ἁπλούν
582 1853 628 1908 καί
646 1853 774 1932 ἀτρεμὲς·
798 1879 812 1908 ιι
829 1853 919 1932 ὥσπερ
939 1854 1003 1932 γὰρ,
1025 1855 1119 1934 ρησίν,
1140 1853 1240 1911 ἐκεῖναι
1260 1856 1286 1910 σί
1303 1853 1409 1928 μανίαι,
1429 1851 1434 1932 ί
1453 1853 1522 1910 οὐτω
1535 1847 1581 1908 καί

462 1952 529 2022 αὐτη
551 1951 582 2007 τδ
603 1949 708 2017 κιίλλος
729 1953 759 2010 τὸ
783 1955 881 2026 νοητόν
905 1959 940 2030 τῇ
963 1957 1039 2032 ψυχή
1066 1959 1200 2032 περιποιεῖ
1222 1955 1267 2010 καί
1288 1951 1399 2032 ένιδρύει
1420 1952 1504 2024 αὐτὴν
1524 1957 1580 2014 τοῖς

461 2055 537 2114 θεοῖς
552 2075 565 2103 ο
589 2046 630 2105 διὸ
651 2050 696 2108 καί
718 2049 856 2130 ἀρίστην
875 2057 930 2107 τῶν
950 2056 1055 2124 μανιῶν
1072 2050 1158 2122 αὐτήν
1178 2051 1264 2128 λέγει.
1288 2051 1431 2126 Συνοψίζει
1451 2048 1479 2107 δέ
1497 2050 1579 2106 πάντα

400 2151 428 2202 15
461 2149 494 2204 τά
514 2149 643 2227 εἰρημένα
662 2147 789 2228 ἀνωτέρω
808 2149 834 2206 έν
854 2149 962 2212 τούτοις
978 2155 1035 2212 τοῖς
1049 2149 1155 2227 ῥητοῖς.
1175 2147 1272 2206 Ἰστέον
1287 2147 1314 2206 δέ
1330 2149 1374 2205 καί
1390 2154 1482 2222 τοῦτο,
1496 2149 1535 2205 ότι
1548 2147 1577 2203 οὐ

461 2243 502 2302 δεῖ
521 2245 695 2324 ἀπομερίζειν
714 2245 762 2310 τάς
783 2247 890 2322 μανίας·
912 2246 1101 2304 έπιπλέκονται
1120 2249 1171 2327 γὰρ
1186 2245 1338 2318 ἀλλήλαις·
1358 2245 1420 2304 οὐτε
1437 2248 1519 2326 γὰρὴ
1537 2267 1576 2302 τε-

460 2339 572 2414 λεστικί,
586 2341 676 2415 οὐτεὴ
691 2346 822 2416 ποιητική
836 2343 897 2402 οὐτε
911 2347 928 2414 ἡ
943 2345 1060 2420 μαντική
1075 2343 1134 2402 ἄνευ
1147 2345 1274 2424 ἐρωτικῆς
1285 2343 1409 2402 δύνανται
1421 2345 1574 2416 <είναι>·

461 2438 529 2506 ίαως
549 2440 596 2500 οὐν
616 2443 662 2498 καί
682 2440 724 2498 διὰ
745 2447 824 2499 τοῦτο
846 2443 1008 2520 αειοτέραή
1031 2441 1159 2522 ἐρωτική.
1180 2478 1219 2486 -
1237 2443 1272 2500 Τὸ
1295 2441 1319 2500 δ’
1339 2438 1487 2522 ὐπερόατὸν
1505 2447 1577 2499 τοῦτο

462 2537 543 2596 ἔστιν·
562 2564 576 2593 ιι
593 2539 661 2597 έστι
678 2537 715 2612 δή
736 2539 794 2598 οὐν
811 2539 908 2621 δεῦρο
928 2541 1019 2606 όιτας
1039 2539 1129 2612 ἥκων
1147 2540 1244 2619 λόγος
1261 2543 1336 2621 περί
1351 2549 1405 2612 τῆς
1424 2541 1578 2620 τετάρτης

398 2642 429 2692 20
463 2637 593 2712 μανίας,
620 2638 663 2702 ὡς
688 2637 748 2718 ἄρα
771 2640 854 2711 αὐτη
878 2645 991 2696 πασῶν
1013 2643 1077 2696 τῶν
1102 2638 1343 2696 ένθοοσιάσιων
1366 2637 1484 2717 ἀρίστη
1502 2661 1516 2692 ι)
1539 2637 1579 2693 καί

461 2737 493 2793 τά
514 2733 589 2809 έξῆς.
613 2738 648 2794 Τὸ
668 2736 821 2815 λεγόμενον
840 2735 887 2794 οὐν
908 2738 1031 2795 τοιούτόν
1051 2737 1078 2794 τί
1100 2736 1180 2794 ἐστιν·
1204 2735 1297 2807 ἐπειδὴ
1319 2737 1380 2816 περί
1401 2735 1513 2794 ἐκείνων
1529 2741 1579 2793 τῶν

463 2841 568 2910 μανιῶν
584 2836 729 2916 εἰρήκαμεν
742 2835 812 2893 πόσα
825 2836 912 2915 ἀγαθοί
925 2837 1084 2916 παρέχουσι,
1098 2836 1159 2917 περί
1171 2835 1200 2893 δέ
1214 2836 1314 2908 ταύτης
1330 2833 1406 2894 οὐδέν
1423 2836 1577 2914 εἰρήκαμεν,

462 2931 549 2991 ἱστίον
564 2933 605 2990 ότι
619 2932 707 2990 πάντα
720 2935 752 2990 τὰ
767 2934 896 3014 εἰρημένα
911 2933 1037 3014 ἀνωτέρω
1051 2932 1085 2992 δι’
1098 2933 1182 3005 αὐτὴν
1196 2928 1351 3009 έξεθέμεθα·
1366 2935 1411 2990 καί
1426 2931 1503 3012 λέγει
1516 2938 1580 2989 ποῖα

460 3030 584 3110 ἀγαθδιὴ
607 3030 720 3112 ἐρωτική
742 3033 788 3090 καί
810 3037 870 3096 πῶς
891 3033 1019 3114 ταρίχει,
1042 3031 1087 3090 καί
1108 3033 1151 3089 ότι
1172 3033 1186 3089 ό
1207 3039 1268 3096 πᾶς
1289 3034 1357 3106 ἡμῖν
1381 3031 1481 3108 λόγος
1501 3031 1544 3086 καί
1562 3031 1577 3098 ί,

396 3133 426 3184 25
459 3128 560 3202 σπουδὴ
576 3131 637 3210 περί
653 3131 753 3204 ταύτης
769 3139 818 3203 τῆς
833 3129 963 3212 ἐρωτικῆς
980 3131 1080 3206 μανίας
1099 3129 1180 3202 ἐστιν,
1194 3130 1238 3187 ότι
1254 3131 1387 3210 κρείττων
1405 3129 1459 3186 ἐστὶ
1478 3134 1577 3186 πασῶν.

501 3279 538 3356 β’.
561 3279 617 3337 Ἢν
639 3280 718 3338 όταν
739 3281 774 3338 τὸ
796 3277 870 3358 τῇδέ
891 3281 953 3358 τις]
977 3280 1036 3339 249
1058 3279 1097 3340 D.

497 3423 551 3494 Τήν
569 3425 620 3504 γὰρ
641 3427 729 3507 ἀρχὴν
748 3434 798 3497 τῆς
819 3425 996 3501 ἀναμνήσεως
1018 3425 1070 3480 ἀπὸ
1085 3431 1141 3480 τῶν
1156 3425 1306 3496 αἰσθήσεων
1321 3424 1389 3505 ἔχει,
1408 3427 1467 3482 οἷον
1486 3423 1582 3498 τέθηπε

458 3519 518 3581 τόδε
532 3547 557 3581 τι
573 3524 604 3580 τὸ
618 3525 723 3588 καλλος
739 3525 754 3580 ό
769 3523 930 3606 ιριλόσορος,
944 3525 990 3580 καί
1006 3524 1058 3580 ἀπὸ
1076 3524 1171 3580 τούτου
1185 3531 1236 3579 πᾶν
1253 3524 1284 3579 τὸ
1299 3525 1454 3599 σωματικὸν
1468 3523 1580 3600 καλλος,

458 3623 517 3680 εἶτα
540 3623 570 3679 τὸ
596 3621 624 3680 ἐν
647 3629 705 3688 τοῖς
732 3625 885 3698 μαθήμασι,
908 3623 954 3680 καί
976 3619 1070 3678 λοιπὸν
1092 3619 1136 3678 διά
1155 3621 1252 3678 τούτου
1276 3621 1517 3698 ἀναμιμνήσκεται,
1540 3623 1583 3678 καί

396 3727 427 3776 θθ
458 3727 577 3778 ποιεῖται
591 3722 641 3791 τὴν
656 3717 751 3778 ἄνοδον
766 3721 804 3784 είς
819 3723 849 3777 τό
865 3721 963 3794 νοητὸν
978 3719 1096 3786 καλλος.

498 3874 535 3954 γ’.
559 3873 758 3956 Ἑπτέρωταί
780 3897 814 3932 τε
835 3873 890 3932 καί
914 3869 1219 3957 ἀναπταρούμενος]
1242 3873 1299 3933 249
1322 3871 1361 3934 D.

497 4021 551 4090 Τήν
569 4019 668 4098 ἀργήν,
684 4019 773 4098 ὥσπερ
790 4018 820 4077 θν
835 4015 908 4078 είποι
922 4037 973 4092 τις,
991 4028 1040 4092 τής
1060 4016 1157 4076 ἀνόδου
1174 4018 1302 4097 βούλεται
1320 4019 1416 4092 εἰπεῖν,
1433 4017 1475 4076 ότι
1492 4017 1580 4099 ὥσπερ

490 4283 551 4335 TIT
567 4285 583 4336 2
600 4287 623 4336 τί
636 4289 702 4337 ἐστιν
723 4284 870 4350 εὐδαιμονία
890 4287 954 4338 κατα
972 4284 1098 4338 Πλάτωνα
1114 4281 1136 4336 G
1199 4279 1229 4336 27
1247 4287 1263 4348 ἡ
1278 4283 1345 4353 ἀρχὴ
1360 4294 1402 4349 τῆς
1419 4285 1581 4350 ἀναμνήσεως

458 4357 508 4407 ἀπὸ
523 4365 571 4408 τῶν
587 4355 728 4422 αἰσθήσεων
744 4351 765 4408 C

489 4489 632 4542 Νῦθτῶν
647 4491 796 4560 ἀνθρώπων]
811 4495 855 4545 τοῦ
871 4493 1005 4560 ἀνθρώπου
1021 4495 1058 4543 Αι
1122 4494 1284 4556 θήποτέΑ
1349 4497 1383 4552 τίς
1400 4494 1425 4545 Α
1488 4487 1583 4560 λθγύρ

458 4579 530 4624 φησιν
551 4565 574 4610 Α
639 4562 742 4628 έκείναι]
762 4569 788 4615 αί
805 4569 885 4616 κεῖναι
908 4555 938 4614 Μ
1004 4564 1032 4612 13
1050 4565 1183 4630 περιποιεῖ]
1204 4568 1334 4632 περιπολεῖ
1355 4565 1383 4615 Μ
1405 4571 1432 4616 σί
1455 4565 1483 4614 in
1506 4571 1581 4616 textu

458 4633 525 4692 Αετ,
538 4645 697 4696 quanquam
709 4635 737 4684 in
752 4639 816 4685 οοια
827 4641 952 4704 περιποιεῖ
964 4633 1106 4698 scripsisse
1119 4647 1149 4686 se
1164 4635 1201 4686 αἰι
1264 4636 1294 4685 14
1312 4634 1366 4686 δι”ἀ
1381 4633 1409 4685 Μ
1474 4635 1505 4684 17
1518 4633 1583 4686 εἶναι

457 4699 549 4753 addidi
614 4703 643 4754 19
657 4703 715 4770 πᾶς]
730 4703 816 4757 πύνΑ
833 4707 888 4769 (υἱοί
955 4707 986 4756 26
1001 4705 1153 4770 ἢνευθε..1
1217 4707 1291 4758 28τθ
1306 4709 1405 4758 δέτιΑ
1469 4701 1498 4756 31
1514 4709 1583 4758 ἑπτέ-

459 4789 545 4837 ρωιαι,
565 4777 576 4826 ἐ
600 4775 673 4826 rubr.
696 4779 720 4826 Α
742 4779 874 4844 (πιερῶται
897 4773 979 4840 Plan.)
1044 4797 1069 4828 τε
1091 4781 1133 4829 καί
1155 4777 1266 4844 legebat
1288 4777 1371 4842 igitur
1396 4777 1521 4829 Hermias
