3600 5734
476 555 531 608 ΕΙΣ
552 558 613 608 TON
635 557 812 610 ΠΛΑΤΩΝΟΣ
834 557 977 608 ΦΛΙΔΡΟΝ
999 553 1121 607 ΣλΟΛίό
1311 561 1358 616 143
1410 617 1418 634 ι

136 717 203 784 11371
236 709 379 769 ἀκουστέον
392 710 424 769 οὐ
435 715 530 769 τοῦτον
542 711 589 770 τὸν
603 709 739 786 αίσθητύν·
753 717 811 777 πῶς
823 711 874 793 γάρ
889 709 920 770 θν
930 709 976 768 καὶ
988 715 1050 770 3εοῖ
1063 707 1222 786 εὐδαίμονες
1235 707 1359 789 λόγοιντο

235 809 323 866 καὶτὸ
340 809 471 890 μακάριον
485 807 558 892 ἔχειν
570 819 622 882 τῆς
635 809 702 875 Βίας
716 807 760 868 διὰ
773 809 821 875 τάς
837 809 905 876 θέας
918 809 966 874 τὰς
982 808 1057 874 ὐντθς
1070 808 1167 866 τούτου
1182 812 1230 865 τού
1245 805 1359 886 οὐρανοῦ

237 907 304 965 ὅπου
316 930 348 987 γε
362 906 424 966 οὐθί
438 913 476 988 τῷ
488 907 641 987 σπουθαίῳ;
658 907 739 985 Ἡμῖν
754 909 802 984 μὶν
816 907 870 990 γθφ
886 905 945 965 κατ’
959 905 1082 980 αίσθησιν
1099 909 1180 974 ζῶσιν
1195 900 1360 963 άποθλίπειν

237 1005 274 1070 τίς
294 1006 375 1064 αὐτὸν
391 1005 503 1083 άμεινον
516 1005 587 1088 ἤπερ
601 1007 638 1072 είς
653 1005 725 1066 ἄλλο
736 1029 773 1064 τι·
791 1006 823 1065 οὐ
839 1009 896 1082 μὴν
911 1011 993 1064 τοῦτο
1006 1005 1037 1062 τό
1054 1002 1186 1080 εὐθαῖμον
1202 1009 1258 1062 τῶν
1276 1005 1361 1082 ἡγου-

137 1125 165 1176 p.
175 1110 222 1162 1³8
239 1104 328 1179 μόνων
346 1105 391 1161 καὶ
409 1105 549 1181 ίπομίνων
565 1109 652 1166 θεῶν.
672 1103 678 1184 Ι
695 1105 768 1170 Τινὶς
786 1105 834 1181 μίν
850 1103 897 1162 οὐν
913 1100 1123 1183 καταγελάστως
1137 1101 1214 1161 είπον
1228 1101 1271 1159 ότι
1286 1125 1300 1158 ιι
1316 1102 1362 1158 καί

237 1203 289 1283 γάρ
305 1201 491 1285 εὐφραίνονται
507 1199 709 1267 άπούλίποντες
729 1203 767 1268 είς
786 1203 833 1267 τὰς
849 1201 999 1283 ἀνθρώπων
1013 1199 1163 1268 πολιτείας·
1182 1201 1219 1266 ὼς
1235 1200 1281 1258 καί
1294 1196 1360 1280 παρ’

237 1297 349 1382 Ὁμήρῳ
363 1302 379 1359 ό
392 1301 457 1367 Ζεύς
472 1300 596 1382 ότίρτετο

396 1475 535 1557 καθορόων
547 1474 646 1556 Τρώων
659 1497 689 1535 τε
702 1475 784 1534 πόλιν
797 1474 843 1534 καὶ
859 1471 927 1534 λαὸν
943 1471 1061 1558 ’Δχαιῶν

395 1672 489 1754 νόσφιν
503 1670 544 1755 ἐφ’
558 1669 722 1730 ἱπποπόλων
737 1677 851 1752 θρρκῶν
864 1670 1058 1752 καθορώμενος
1072 1672 1144 1733 αἶαν.
1235 1675 1237 1682 ’

239 1837 330 1910 Δῆλον
349 1835 379 1897 δὲ
397 1839 438 1897 ότι
457 1839 507 1898 οὐκ
525 1839 728 1922 ἐπιστρέφοντες
748 1839 785 1904 είς
804 1841 877 1914 ἡμᾶς
892 1837 980 1905 οὐτως
999 1842 1082 1916 ἡμῶν
1101 1845 1272 1920 προνοοῦσιν,
1287 1839 1361 1900 ὐλλύ

236 1938 306 2018 πρὸς
327 1944 367 2013 τῷ
387 1939 491 1997 ίαυτῶν
514 1938 639 2020 μακαρίῳ
660 1935 736 2004 ’ὄντες
757 1937 827 2018 αὐτῷ
848 1943 886 2018 τῷ
908 1939 978 1996 εἶναι
998 1939 1032 1996 τά
1052 1942 1135 2015 ἡμῶν
1155 1937 1184 1996 εὐ
1204 1938 1358 2001 θιατιθίασι.

236 2038 345 2094 Τούτων
364 2039 413 2113 μὶν
430 2037 478 2094 οὐν
497 2037 660 2096 ἀποστατέον
678 2043 733 2096 τῶν
747 2032 835 2104 δοξῶν
851 2037 896 2096 καί
909 2036 1005 2094 ταύτου
1017 2042 1065 2094 τοῦ
1082 2037 1213 2110 αἰσθητοῦ
1228 2037 1358 2120 Οὐρανοῦ,

237 2133 353 2216 Οὐρανόν
368 2132 397 2192 δὲ
410 2135 554 2195 άκουοτόον
565 2134 689 2216 λίγεσθαι
699 2136 745 2194 τὸν
760 2133 841 2216 ἄκρον
856 2139 909 2192 τῶν
924 2139 1025 2215 νοερῶν
1040 2139 1127 2210 θεῶν,
1142 2137 1172 2194 ὃν
1185 2137 1213 2195 οί
1231 2134 1361 2216 θεολόγοι

175 2239 205 2290 15
236 2235 340 2314 πατέρα
360 2235 409 2310 μίν
430 2235 543 2316 Κρόνου,
565 2231 723 2316 προπάτορα
744 2232 773 2292 θλ
794 2233 855 2300 Διός
876 2256 951 2317 φασι.
973 2231 1074 2292 Πολλοὶ
1095 2234 1185 2293 τοίνυν
1204 2230 1293 2302 τάξεις
1311 2233 1361 2293 είσί

236 2338 291 2390 τῶν
307 2337 409 2413 νοεριῖιν
425 2338 499 2392 ,θεῶν
514 2332 567 2391 ἀπὸ
585 2339 635 2390 τοῦ
653 2332 773 2412 Οὐρανοῦ
789 2332 872 2415 μέχρι
886 2333 948 2400 Διὸς
962 2331 1009 2391 καί
1023 2330 1086 2406 τίθη
1100 2331 1195 2392 πολλὰ
1209 2339 1303 2414 πρῶτα
1316 2335 1361 2392 καί

238 2432 307 2507 μίσα
326 2432 371 2488 καί
393 2430 537 2490 τελευταῖα
555 2431 601 2490 καί
623 2429 777 2512 όλικώτερα
800 2431 846 2488 καί
871 2431 1042 2512 μεριαιύτερσ
1061 2431 1107 2490 καὶ
1127 2431 1290 2514 άθροόστερα
1313 2432 1360 2489 καί

235 2528 417 2610 περιληπτικθ
429 2531 474 2587 καί
485 2529 640 2611 κοιλότερα,
653 2530 742 2609 πηγαί
755 2550 783 2588 τε
796 2531 842 2588 καὶ
856 2529 950 2612 ἀρχαί,
961 2531 998 2596 είς
1011 2531 1079 2612 ἅπερ
1091 2531 1106 2589 ό
1119 2530 1182 2596 Ζεύς
1192 2529 1281 2588 πάντα
1295 2531 1360 2592 οἰνα-

235 2630 315 2688 τείνει
331 2628 365 2686 τά
380 2626 440 2705 μεθ’
454 2629 559 2688 ίαυτόν.
577 2629 639 2686 Θέαι
653 2629 701 2705 μὲν
714 2627 763 2688 οὐν
777 2630 941 2711 οἰκειότερον
959 2628 1002 2687 ίπὶ
1021 2635 1081 2702 νοῦ,
1103 2622 1248 2696 θιίξούοι
1267 2625 1296 2686 θὶ
1316 2628 1360 2688 ίπί

172 2731 205 2782 20
237 2731 341 2809 ψυχῆς,
359 2727 404 2784 καί
420 2727 558 2810 ἀμφότερα
575 2727 604 2785 θὶ
618 2726 661 2785 ίπί
674 2727 834 2809 ὐμφοτίρων
849 2728 974 2810 ἁρμόζει,
990 2725 1050 2785 ἀλλ’
1063 2727 1168 2792 οίκείως
1184 2727 1301 2803 ίκάστῳ·
1318 2726 1360 2786 ίπί

238 2827 285 2901 μὶν
302 2825 353 2904 γάρ
371 2829 464 2906 ψυχῆς
484 2827 562 2898 καὶὴ
582 2827 635 2884 Βόα
654 2823 800 2900 όιείοθική,
817 2825 860 2885 ἐπὶ
877 2825 905 2884 ὐὶ
919 2831 966 2884 νοῦ
982 2826 1059 2898 καὶὴ
1075 2823 1230 2892 θιύίοδος...
1246 2826 1358 2886 κατὰτὸ

237 2919 449 2990 θιεξωθευκίναι.
474 2929 561 2981 Θεῶν
584 2921 613 2981 δὲ
635 2921 844 3000 εὐδαιμόνων
867 2923 963 3004 γένος
986 2921 1058 3003 λίγει
1084 2923 1133 2989 τὰς
1155 2922 1283 2999 δυνάμεις
1305 2928 1360 2982 τῶν

236 3021 352 3102 πρώτων
372 3023 417 3080 καὶ
437 3021 590 3102 ἐγκοσμίων
611 3027 698 3084 θεῶν.
718 3024 753 3081 Τὸ
775 3021 804 3080 θλ
825 3020 1035 3098 εὐδαιμόνων
1056 3024 1100 3079 καὶ
1120 3021 1157 3088 ὡς
1176 3023 1190 3078 θ
1212 3027 1289 3088 θεῖος
1310 3021 1359 3098 μὶν

239 3117 396 3204 Ἰάμθλιχός
414 3143 480 3202 φησι
500 3145 515 3177 ιι
530 3127 585 3179 τῶν
599 3121 649 3203 γάρ
662 3122 713 3193 τήν
730 3119 899 3198 εὐδαιμονίαν
913 3121 1100 3202 παρεχόντων·
1118 3143 1133 3176 ιι
1152 3121 1199 3179 καί
1213 3117 1254 3178 ὐπ’
1270 3118 1359 3180 αὐτῶν

190 3227 200 3238 ”
237 3219 266 3278 ὐὶ
285 3225 340 3278 τῶν
361 3225 436 3279 θεῶν
455 3219 563 3278 δυνατὸν
583 3221 614 3277 τὸ
635 3228 686 3292 τῆς
709 3219 885 3296 εὐδαιμονίας
907 3221 1014 3278 ὐκούειν
1036 3217 1104 3278 κατὰ
1124 3219 1155 3277 τὸ
1173 3217 1284 3278 θπεσθαι
1300 3225 1359 3283 τοῖς

236 3319 339 3376 ίαυτῶν
352 3319 472 3398 ἡγεμόσι
485 3319 531 3376 καί
545 3316 587 3376 άεί
601 3318 689 3376 αὐτῶν
704 3317 824 3400 άχισθαι.
841 3318 930 3377 -Τό
947 3317 975 3376 θλ
994 3319 1146 3399 πράττων
1166 3316 1306 3384 ἕκαστος
1323 3317 1359 3374 τό

237 3419 348 3494 αὐτοῦ,
368 3419 501 3476 τουτέστιν
522 3417 536 3474 θ
557 3417 605 3493 μὶν
624 3417 762 3492 ἡλωκὼς,
783 3419 798 3474 θ
819 3415 848 3490 δε
869 3415 1054 3491 σεληνιακῶς,
1077 3417 1092 3476 θ
1114 3415 1143 3474 θλ
1166 3417 1296 3497 ἀριϊκῶς,
1316 3415 1361 3473 καί

237 3514 325 3581 ἄλλως
346 3515 414 3574 κατά
433 3518 484 3588 τὴν
504 3515 617 3573 ίκάστου
640 3513 770 3592 ίόιότητα,
794 3515 861 3596 όπερ
881 3516 926 3573 καί
943 3515 1070 3596 άνωτίρω
1091 3515 1150 3573 ε’ίπε
1171 3515 1283 3574 «κατὰ
1299 3514 1360 3585 τὴν

236 3613 326 3680 τάξιν
346 3617 382 3686 ἣν
400 3611 540 3679 ίκαοτος
561 3613 640 3694 ίτάχ
646 3617 696 3686 θη.
717 3637 730 3668 ο
748 3616 802 3685 Τήν
818 3611 847 3672 θὶ
867 3613 1040 3690 εὐδαιμονίαν
1055 3615 1070 3672 ό
1087 3613 1201 3673 Πλάτων
1215 3615 1261 3674 καί
1278 3613 1361 3695 μίχρι

267 3828 360 3887 5τινὲς
372 3827 532 3892 interpretes
544 3837 608 3877 ante
624 3825 766 3878 Hermiam
827 3827 930 3880 8652
993 3827 1064 3878 1οΝ
1080 3828 1095 3879 4
1158 3829 1328 3890 21ο1.9,10
1437 3874 1439 3880 .

269 3952 331 4004 ΤίΤ
347 3951 376 4003 11
394 3961 447 4012 πῶς
465 3955 616 4019 προνοοῦσιν
631 3954 702 4016 ἡμῶν
718 3955 742 4004 οί
756 3910 842 4006 θεοίί)
906 3951 935 4002 11
950 3955 975 4003 τί
991 3949 1097 4020 οὐρανός
1115 3952 1135 4004 C
1197 3951 1229 4006 18
1246 3953 1297 4008 άπύ
1315 3955 1359 4005 τοῦ

238 4023 348 4093 οὐρανοῦ
362 4027 435 4094 μίχρι
450 4023 509 4083 Διὸς
520 4023 602 4075 πολλὰ
616 4025 670 4086 τίθη
683 4021 753 4086 (cod.
767 4019 826 4088 ἥδη)
840 4021 861 4074 C

269 4151 317 4204 Nc
333 4152 347 4201 5
361 4149 406 4206 οὐν
419 4149 522 4203 addidit
535 4149 567 4202 A*
583 4161 665 4216 supra
680 4161 791 4204 versum
854 4149 870 4200 6
885 4149 929 4210 εὐις
942 4158 991 4202 τῶν
1008 4149 1145 4219 ἀνθρώπων
1159 4151 1188 4204 Μ
1252 4151 1269 4204 8
1282 4155 1361 4206 καθα·

238 4225 303 4290 ρόον
323 4229 410 4274 metro
425 4219 606 4286 claudicante}
623 4222 745 4290 εἰσορόων
766 4221 847 4274 Hom.
911 4223 972 4274 λαὸν
994 4230 1080 4276 metro
1099 4221 1281 4290 οίουιίίοεοίο]
1299 4231 1360 4288 νῆας

239 4294 317 4348 Hom.
383 4292 415 4346 10
437 4289 601 4363 ΘρηίκωνΑ
665 4291 943 4368 11ἡμῶν1ἡμΞς-Μ-
1001 4292 1032 4348 12
1053 4294 1158 4358 ίαυτῶν]
1177 4294 1244 4362 αὐτῷ
1268 4296 1295 4346 Μ

237 4367 267 4418 14
288 4367 331 4420 τύν
352 4364 471 4428 scripsit
492 4365 521 4417 τύ
540 4363 602 4416 libri
664 4362 695 4414 15
709 4363 867 4431 προπάτορα]
888 4383 939 4432 πρα
959 4363 999 4430 (=
1015 4365 1119 4433 τατίρα)
1138 4365 1170 4416 A·
1190 4365 1239 4430 qui
1260 4365 1361 4428 {dieeit

236 4449 503 4504 ιοοωνοιτυιιιπρο
567 4435 821 4501 mmmmm
881 4435 1048 4502 ιῑσὶ]ιίιιοΜ
1113 4433 1295 4490 συνίστατο

235 4509 265 4560 21
284 4516 333 4561 ευε
349 4510 428 4574 plura
447 4509 548 4560 desunt
567 4513 615 4560 ευι
635 4521 701 4560 sane
719 4506 889 4571 adjectivum
908 4508 990 4572 quale
1015 4513 1057 4560 οοι
1076 4507 1175 4572 θεατινὴ
1255 4507 1286 4559 22
1309 4511 1360 4562 διε-

236 4584 388 4650 ῑωθρνείνσι
407 4581 435 4632 Μ
459 4581 524 4646 (jam
544 4587 701 4634 correxerat
719 4583 785 4642 Αατ)
850 4583 911 4632 θεῶν
930 4583 999 4645 γάνος
1019 4581 1175 4645 εὐδαιμόνων
1195 4579 1360 4646 (εὐδαιμόνως

235 4653 359 4720 ὃσιιανα)
376 4654 445 4704 Plat.
510 4653 541 4703 26
562 4653 666 4711 ἕκαστος
682 4652 763 4704 αὐτῶν
779 4651 849 4704 Plat.
912 4651 943 4703 28
961 4653 1041 4712 dmm<
1061 4651 1178 4716 scripsi:
1195 4655 1280 4713 ἁπλῶς
1297 4651 1360 4706 libri

295 4725 340 4792 τὴν
360 4739 415 4778 om.
435 4725 504 4776 Ρίοι
