3538 5686
364 499 411 534 vnr
799 483 1045 536 PROLEGOMENA

364 646 459 705 semel
474 647 505 706 in
520 645 600 705 libro
621 645 737 726 legerat
756 646 1012 722 obliviscebatur;
1030 649 1122 709 immo
1142 651 1213 710 dum
1234 652 1388 724 studebat,
1405 652 1481 712 nulli

364 751 519 834 φιλοπονίᾳ,
536 772 574 811 ne
589 751 703 813 Proclo
719 754 842 833 quidem
859 768 923 814 erat
935 755 1075 817 inferior.
1092 756 1162 817 Non
1181 769 1282 817 tamen
1304 759 1346 818 ita
1365 759 1481 841 ingenii

365 863 504 922 acumine
518 861 673 943 praestitit,
685 880 785 941 neque
800 861 931 942 ἀγχίνους
946 879 1046 941 neque
1061 859 1122 928 att<
1134 861 1229 921 luisse
1240 861 1364 932 dicitnr,
1376 881 1482 921 verum

364 990 495 1049 prorsus
518 970 549 1028 in
572 968 765 1030 inveniendis
781 969 970 1048 argumentis
986 968 1143 1042 inhabilis,
1164 969 1204 1029 ita
1228 982 1261 1029 ut
1283 969 1332 1028 vel
1354 989 1421 1049 quae
1445 989 1481 1028 ex

364 1078 426 1136 imo
441 1079 534 1137 eorde
549 1096 622 1136 vera
637 1095 706 1136 esse
721 1075 927 1135 arbitrabatur
938 1095 972 1134 ea
987 1075 1306 1156 adversarioprobare
1322 1076 1482 1135 rarissimo

363 1197 483 1266 posset.
493 1183 598 1264 ltaque
610 1183 641 1243 in
652 1183 782 1242 historia
792 1182 905 1242 scholae
917 1182 1129 1242 Alexandrinae
1140 1183 1217 1243 nihil
1230 1181 1297 1264 ejus
1307 1185 1481 1264 proprium,

364 1313 464 1374 neque
480 1293 648 1374 quidquam
674 1294 712 1351 de
734 1312 792 1352 suo
809 1293 946 1372 scripsit,
962 1306 1046 1353 totus
1068 1293 1100 1352 in
1116 1293 1179 1353 divi
1195 1293 1335 1353 Platonis
1350 1294 1483 1373 dialogis

365 1399 607 1479 interpretandis
632 1413 784 1460 versatus.
808 1399 909 1479 Leges
937 1413 1037 1460 tamen
1063 1400 1094 1458 in
1121 1400 1261 1481 catalogo
1290 1400 1483 1460 bibliothecae

366 1507 593 1567 Esoorialensis
609 1528 700 1588 quem
716 1520 785 1566 ante
801 1507 976 1568 incendium
992 1528 1072 1567 anno
1084 1510 1161 1568 1579
1176 1509 1344 1589 descripsit
1356 1509 1394 1569 G.
1412 1509 1483 1569 Lin-

366 1617 464 1674 danus
481 1615 619 1695 (Milleri,
636 1635 669 1695 p.
692 1615 760 1694 128)
777 1615 858 1675 inter
875 1614 1132 1695 philosophorum
1152 1615 1275 1675 codices
1293 1639 1299 1674 ε
1318 1635 1334 1678 tt
1351 1615 1484 1676 Hermiae

367 1721 477 1781 medici
500 1721 712 1781 mathematica
738 1734 766 1780 et
791 1722 823 1780 in
845 1721 984 1782 Platonis
1008 1722 1170 1782 Phaedrum
1193 1722 1351 1797 uult-163
1375 1723 1484 1783 u-vu-

370 1834 405 1892 17
419 1845 450 1891 et
463 1831 575 1892 elli-7
593 1856 628 1904 ν;
646 1834 712 1904 sed,
736 1853 804 1892 cum
822 1833 853 1891 hi
870 1831 967 1913 plutei
983 1835 1054 1913 igne
1069 1832 1231 1913 perierint,
1250 1851 1313 1891 non
1324 1828 1484 1910 dijudicari

368 1951 471 2016 potest
486 1951 588 1999 utrum
604 1950 711 1997 noster
723 1939 786 1998 haec
801 1939 1010 1998 mathematica
1023 1941 1186 2020 scripserit
1200 1960 1313 2012 annon,
1329 1953 1358 2000 et
1371 1939 1485 1998 curhic

369 2045 507 2104 medicus
523 2045 564 2103 sit
578 2045 679 2104 dictus
697 2068 703 2102 :
721 2044 976 2105 verisimillimum
992 2058 1092 2106 tamen
1108 2060 1154 2108 est
1169 2047 1207 2106 de
1222 2045 1282 2105 alio
1297 2046 1346 2105 vel
1361 2047 1398 2106 de
1416 2045 1484 2106 aliis

369 2153 430 2232 agi,
447 2155 484 2214 de
500 2155 613 2233 quihus
628 2154 698 2214 vide
718 2153 903 2217 Fabricium.
925 2153 1000 2214 Nam
1021 2156 1085 2234 qui,
1103 2157 1129 2214 si
1150 2155 1314 2215 Damasoio
1331 2155 1485 2215 eredimus

370 2279 469 2338 neque
489 2260 580 2339 λόγων
598 2260 791 2319 ἀποδεικτικῶν
813 2261 934 2342 eripiam,
952 2281 1051 2342 neque
1073 2269 1196 2340 γενναῖος
1219 2261 1352 2334 ἀληθείας
1369 2264 1487 2334 (nelma

371 2369 439 2440 suit,
459 2390 559 2450 neque
580 2370 611 2429 in
631 2371 804 2451 eloquendo
823 2365 961 2448 ἁκρίὸειον
979 2369 1110 2449 adipisci
1129 2369 1240 2449 potuit,
1262 2371 1289 2429 is
1304 2370 1354 2429 vix
1374 2389 1407 2428 se
1423 2389 1486 2429 ma-

370 2479 541 2540 thematicis
556 2482 692 2540 dederat.

412 2589 657 2649 Commentarios
680 2589 775 2669 igitur
793 2601 910 2649 tantum
937 2589 974 2648 de
994 2587 1133 2648 Platonis
1155 2588 1287 2670 dialogis
1307 2589 1484 2670 reliquerat,

372 2717 487 2777 eosque
511 2717 547 2754 ex
569 2694 607 2754 iis
623 2695 813 2774 compositos
833 2715 900 2775 quae
915 2694 963 2754 vel
980 2716 997 2754 a
1013 2695 1144 2774 Syriano
1164 2695 1212 2754 vel
1235 2716 1252 2754 a
1269 2695 1381 2756 Proclo
1400 2695 1488 2756 audi-

371 2817 465 2872 verat,
482 2817 534 2863 aut
547 2806 629 2884 apud
641 2804 764 2884 priores
775 2804 960 2883 interpretes
977 2816 1010 2862 ut
1025 2803 1371 2884 Harpocrationem,vel
1386 2802 1489 2884 philo-

373 2911 490 2992 sophos
500 2924 533 2970 ut
541 2910 708 2982 Plotinum,
722 2910 942 2991 Porphyrium,
953 2910 1163 2982 lamblichum,
1173 2911 1300 2990 legerat.
1314 2909 1488 2992 Verisimile

373 3030 420 3078 est
442 3037 510 3077 eum
534 3017 641 3097 plures
669 3017 847 3096 scripsisse,
865 3018 919 3076 sed
939 3020 977 3077 de
994 3016 1077 3076 nullo
1092 3019 1130 3076 ad
1145 3037 1202 3076 nos
1218 3017 1332 3076 mentio
1347 3017 1490 3097 pervenit

373 3125 433 3184 nisi
445 3124 482 3183 de
495 3144 532 3183 eo
548 3144 638 3204 quem
654 3124 851 3203 possidemus
866 3149 872 3182 ι
887 3124 918 3183 in
934 3145 995 3204 quo
1009 3137 1109 3184 tamen
1124 3124 1277 3184 interdum
1294 3145 1327 3184 se
1344 3122 1490 3183 nonnulla

373 3235 490 3296 dixisse
505 3235 650 3314 declarat,
668 3255 734 3314 quae
754 3235 868 3294 frustra
883 3235 914 3292 in
928 3234 1174 3314 precedentibus
1190 3253 1320 3313 quaeras.

413 3343 582 3423 Postquam
597 3341 705 3423 paucis
720 3342 824 3401 verbis
838 3344 983 3422 praeiatus
999 3355 1057 3417 est,
1074 3341 1227 3422 extemplo
1246 3340 1389 3400 Hermiae
1407 3341 1490 3420 quod

379 3449 420 3508 sit
440 3449 554 3529 dialogi
573 3462 786 3528 argumentum
806 3449 972 3528 diligenter
994 3461 1097 3508 narrat
1104 3472 1113 3522 ;
1138 3448 1261 3521 deinde,
1284 3449 1368 3528 quod
1392 3447 1490 3525 magis

374 3571 479 3619 notatu
495 3559 633 3638 dignum,
650 3558 776 3638 exponit
791 3559 865 3638 quid
890 3558 1117 3639 reprehendant
1138 3557 1169 3616 in
1191 3556 1244 3616 illo
1264 3555 1403 3616 nonnulli
1419 3555 1492 3614 Pla-

374 3668 456 3728 tonis
481 3666 608 3739 inimici‚
624 3677 647 3725 'a
666 3666 819 3745 Dionysio
838 3664 886 3725 vel
906 3664 1051 3744 Didymo,
1069 3677 1102 3723 ut
1114 3663 1248 3734 videtur,
1265 3661 1446 3734 defluenteS,
1462 3675 1492 3721 et

375 3772 443 3852 ipse
464 3772 642 3854 philosophi
664 3793 785 3832 oausam
809 3772 883 3851 agit.
906 3771 980 3831 lnde
1000 3791 1098 3852 usque
1120 3772 1158 3830 ad
1181 3771 1272 3829 finem
1294 3769 1399 3849 operis
1420 3767 1492 3827 Pla-

375 3879 470 3939 tonici
492 3892 605 3939 textum
622 3878 805 3960 plerumque
827 3879 975 3939 verbatim
998 3878 1131 3959 explicat
1151 3897 1251 3958 neque
1274 3897 1403 3958 usquam
1423 3875 1492 3935 lon-

376 3990 446 4068 gius
469 3988 606 4061 disserit,
627 3987 688 4046 nisi
708 3989 745 4046 de
765 3985 882 4046 Animae
901 3985 1127 4047 immortalitate
1148 4010 1154 4043 :
1181 3985 1212 4043 in
1232 3985 1345 4064 quibus
1366 3983 1493 4044 scholiis

376 4110 441 4156 tres
464 4096 562 4154 libros
587 4094 705 4154 librarii
731 4096 879 4166 lecerunt,
905 4094 961 4152 sed
985 4113 1046 4152 uno
1072 4105 1178 4152 tenore
1202 4091 1265 4172 legi
1288 4103 1432 4172 possunt.
1459 4089 1493 4148 ln

376 4207 558 4287 explicando
571 4218 677 4287 utpote
689 4204 916 4265 Alexandrinus
930 4224 1011 4284 saepe
1025 4202 1168 4262 subtilior
1180 4215 1211 4262 et
1220 4202 1251 4262 in
1262 4200 1493 4281 simplicissimo

377 4335 500 4395 quoque
519 4316 615 4374 verbo
637 4315 886 4374 reconditissima
909 4335 1051 4394 quaerens
1072 4328 1102 4373 et
1127 4313 1284 4392 mysteriis
1307 4312 1412 4392 digna,
1433 4331 1495 4370 non

378 4424 444 4483 sine
460 4427 560 4483 iruotu
575 4437 675 4484 tamen
695 4426 733 4482 ab
752 4423 791 4483 iis
810 4423 863 4503 qui
887 4423 1024 4482 historiae
1044 4421 1267 4501 philosophicas
1286 4419 1403 4480 curiosi
1425 4433 1497 4479 sunt

377 4533 546 4606 evolvatur,
559 4534 612 4613 qui
627 4533 796 4596 Platonicis
808 4534 933 4613 quidem
948 4533 1036 4592 libris
1057 4532 1098 4592 sit
1110 4533 1198 4613 quasi
1210 4533 1357 4604 imbutus,
1367 4530 1496 4612 neopla-

378 4641 550 4700 tonicorum
570 4663 644 4702 vero
660 4645 798 4715 deorum,
812 4642 994 4714 daemonum,
1011 4641 1203 4720 angelorum,
1220 4640 1348 4701 heroum
1369 4639 1496 4699 ordines
