3604 5690
494 583 549 636 ΕΙΣ
570 585 630 636 ΤΟΝ
653 584 830 638 mmmm:
849 583 993 635 ΦΑΙΔΡΟΝ
1016 584 1139 636 ΣΧΟΛΙΔ
1334 593 1380 645 203

163 737 229 805 [172]
260 733 410 816 φιλόσοφον
433 735 475 794 διὰ
498 743 551 796 τῶν
573 740 706 812 αἰσθητῶν
727 737 834 798 οίτσθαι
856 737 972 822 [λέγειν]
993 741 1024 798 τὸ
1047 741 1144 813 νοητὸν
1166 739 1208 798 διὰ
1228 745 1275 798 τοῦ
1295 761 1379 821 προσ-

260 833 388 892 άπτεσθαι
408 835 453 892 καί
474 836 667 916 προσομιλεῖν·
690 838 758 918 ἅπερ
780 837 855 904 ίκτδς
880 839 993 920 αἰσχρῶς
1014 839 1144 913 ὑπονοίας
1168 838 1209 898 δεῖ
1231 834 1380 916 λαμὺείνειν

259 931 297 995 ῶς
310 931 356 990 καί
371 931 414 990 ἰπί
427 931 551 1014 πατίριον
567 935 612 992 καὶ
626 933 732 992 παίδων
745 937 792 992 καί
807 933 933 1017 ἀδελφῶν
950 933 1004 994 ἔστι
1019 916 1189 1017 περιπλοκὰς
1204 937 1248 994 καί
1265 935 1379 1014 ὑμιλίας

259 1027 327 1087 ίδεῖν
342 1027 405 1090 ἄνευ
419 1032 532 1114 αἰσχρᾶς
549 1033 686 1098 ὑπονοίας.
702 1039 815 1091 Τοιαῦτα
830 1032 877 1091 οὑν
891 1033 931 1092 δεῖ
945 1035 1050 1094 οἰκοὺειν
1065 1037 1110 1094 καὶ
1126 1035 1169 1093 ἐπὶ
1183 1044 1232 1093 τοῦ
1250 1041 1296 1093 νῦν
1316 1037 1381 1095 ἀκο-

211 1133 226 1182 5
259 1126 360 1186 λάστου
375 1127 535 1210 λιγομίνου·
552 1127 638 1206 δῆλον
655 1129 683 1188 δί
696 1128 725 1200 ἰξ
739 1134 779 1189 ῶν
793 1133 874 1199 αὑτός
889 1133 1062 1216 παρακατιών
1075 1156 1141 1216 φησι
1154 1135 1213 1214 περί
1227 1133 1322 1206 αὐτοῦ,
1340 1135 1381 1192 ότι

258 1225 303 1281 καί
325 1227 402 1284 οὑτοι
422 1227 602 1308 ὑπόπτεροι
622 1231 754 1308 γίνονται·
776 1229 825 1288 οὑκ
840 1229 875 1288 θν
893 1229 922 1288 δί
941 1229 1106 1314 ὑποπτίρους
1122 1231 1218 1297 αὑτοὺς
1239 1229 1319 1311 ἔλεγε
1335 1233 1379 1312 γί·

257 1325 358 1396 νεσθαι,
375 1325 488 1408 αἰσχρόν
502 1349 528 1384 τι
543 1327 566 1386 εἰ
582 1325 655 1406 ἔλεγε
669 1329 730 1408 περί
744 1329 842 1390 αὑτῶν.

299 1487 349 1556 οἷ’,
374 1487 403 1543 '0
424 1486 457 1546 δὲ
478 1493 542 1547 τῶν
562 1487 739 1568 παιδικῶν]
762 1491 821 1550 256
842 1491 880 1551 Α.

298 1632 462 1690 Τουτίατινό
477 1639 526 1690 τοῦ
543 1633 679 1713 ίρωμίνον
692 1634 775 1700 ’ίππος
789 1631 884 1692 οὑδίν
901 1633 970 1716 ἔχει
986 1635 1104 1693 εἰπεῖν·
1123 1633 1184 1692 οὑδὲ
1197 1636 1248 1714 γὰρ
1264 1632 1318 1692 εἶδε
1332 1634 1380 1692 τὺν

195 1731 228 1783 10
260 1727 375 1809 ὑραστίγν
390 1727 634 1810 προσπλεκόμενυν
653 1731 726 1806 αὑτῷ
744 1730 787 1789 διαΙ
804 1753 861 1788 τινα
880 1733 993 1813 αἰσχρόν
1014 1732 1141 1790 ὑπόνοιαν
1159 1733 1204 1790 καί
1223 1733 1379 1807 σωματικὸν

258 1825 375 1891 κάλλος·
393 1825 470 1904 όμως
491 1825 520 1885 δὶ
538 1835 690 1910 σπαργῶν
708 1831 753 1886 καί
772 1829 909 1906 ίπιθυμῶν
928 1830 1100 1912 φιλοφρόνως
1116 1831 1221 1910 στέργει
1233 1829 1278 1886 καί
1293 1849 1380 1910 περι-

260 1921 382 1987 όάλλει
398 1927 455 1983 τδν
475 1925 624 2007 ἐραστήν.

299 2087 354 2158 ση’.
378 2083 474 2144 Ὀταν
495 2085 527 2144 δὲ
548 2085 852 2167 συγκατακίωνται]
875 2087 934 2146 256
955 2086 993 2152 Α.

299 2230 361 2290 ιὈτι
382 2229 410 2289 δί
430 2239 515 2289 ταῦτα
537 2231 623 2296 οὑτως
646 2229 714 2312 ἔχει,
737 2227 808 2286 ἔσται
828 2252 871 2287 σοι
893 2231 925 2287 τὰ
946 2229 1029 2308 ἐντῷ
1050 2229 1231 2306 Συμποσίῳ
1250 2228 1380 2309 είρημίνα

195 2333 227 2381 15
259 2327 407 2410 ἰξηγητικλ
420 2329 536 2400 τοὺτων,
553 2326 613 2388 ίνθα
632 2327 725 2408 ἔλεγεν
740 2324 912 2402 Ἀλκιόιαίδης
934 2326 1139 2409 «Σώκρατες
1158 2325 1345 2401 καθεύδεις
1364 2351 1378 2382 υ

259 2427 389 2505 Ἕτοιμος
409 2427 456 2486 οὑν
475 2428 544 2485 ίστιν
559 2430 573 2486 ό
586 2434 651 2493 παῖς
669 2428 826 2508 χαρίζεσθαι
839 2432 878 2502 τῷ
893 2426 991 2508 ἐραστῇ
1007 2427 1030 2484 εί
1045 2425 1210 2504 βουληθείη,
1229 2425 1303 2499 Δὺιη
1318 2424 1346 2482 δί
1361 2428 1378 2497 ἡ

260 2524 388 2608 ἐξήγησις
401 2533 449 2585 τοὺ
463 2525 629 2609 φαινομένου
644 2526 727 2588 ἐστίν.

299 2692 351 2751 ου,
373 2689 403 2746 ὀ
420 2689 453 2748 ιι
474 2686 609 2771 ιμιςιιι
632 2689 691 2750 256
713 2688 750 2750 ι.

298 2833 421 2891 Τουτίστι
441 2833 472 2889 τὸ
494 2833 611 2908 3νμικὺν
631 2829 809 2888 ἀντιτείνει
830 2830 896 2910 πρὸς
916 2831 966 2902 τὴν
983 2827 1109 2902 τοιαὺτην
1127 2827 1218 2910 χάριν,
1238 2827 1277 2903 μὴ
1295 2847 1381 2886 κατα-

194 2930 228 2981 2⁰
259 2932 410 3013 φερόμενον
423 2931 460 2995 είς
477 2930 590 3010 αἰσχρὰν
604 2930 740 2989 ὑπόνοιαν.

297 3095 338 3154 π’.
363 3090 432 3149 Ἐὰν
455 3092 512 3166 μἐν
533 3089 571 3162 δὴ
595 3089 650 3148 οὑν
672 3090 718 3155 εἰς
739 3087 958 3170 τεταγμίνην]
982 3089 1040 3148 256
1062 3087 1099 3149 Α.

298 3233 383 3293 Ὅταν
401 3233 452 3292 ὦσι
467 3233 563 3300 καλῶς
580 3233 761 3313 τεθραμμένοι
779 3234 909 3306 <καί>
926 3232 1095 3314 φιλοσόφως,
1111 3237 1166 3290 τῶν
1186 3235 1316 3307 μαθητῶν
1334 3231 1379 3288 καί

260 3333 428 3393 διδασκάλων
447 3334 492 3390 καί
511 3331 580 3389 ἰθῶν
597 3333 644 3389 καί
664 3329 885 3406 ἐπιτηδευμάτων
904 3331 1012 3410 ἀγαθῶν
1030 3329 1170 3412 τυχόντες,
1187 3330 1250 3387 τότε
1269 3329 1315 3386 καί
1334 3329 1381 3385 τὸν

147 3431 242 3483 9727·
258 3433 410 3492 ἀκόλαστον
437 3431 442 3510 Ι
468 3431 553 3488 ’ίππον
576 3409 728 3488 ἀνασπῶσιν
751 3429 794 3487 ἰπὶ
814 3429 844 3486 τδ
866 3427 931 3500 ἄνω,
956 3426 1125 3494 διδάσκοντες
1147 3427 1188 3485 ότι
1210 3427 1241 3484 οὑ
1263 3425 1306 3484 διὰ
1326 3431 1381 3485 τῶν

195 3529 227 3580 25
260 3532 396 3604 αἰσθητῶν
410 3529 501 3587 καλῶν
518 3529 653 3609 περιίσται
668 3528 738 3606 αὐτῷ
752 3531 770 3599 ἰ,
785 3532 834 3584 τοὺ
850 3531 949 3600 νοητοῦ
964 3527 1027 3586 Βία.
1043 3561 1083 3572 -
1099 3528 1133 3583 Τὸ
1154 3523 1182 3584 δε
1201 3525 1380 3606 ἐγκρατεῖς

259 3631 375 3700 αὑτῶν,
395 3628 514 3687 τουτίατι
530 3630 711 3708 κρατήσαντες
730 3635 780 3699 τῆς
801 3630 991 3707 γενεαιουργοῦ
1010 3625 1115 3707 φόσεως
1136 3625 1182 3682 καί
1203 3627 1241 3700 μὴ
1265 3622 1307 3680 διὰ
1326 3629 1381 3680 τῶν

260 3730 395 3802 αἰσθητῶν
410 3725 584 3808 όναχθίντετ.

298 3887 357 3950 πεί.
382 3887 431 3946 Ὦι
448 3889 547 3944 κακία
568 3891 670 3968 ψυχῆς
693 3882 896 3964 ἐνεγίγνετο]
919 3883 978 3942 256
997 3882 1034 3942 Β.

298 4029 332 4086 Τὸ
350 4026 543 4102 ἐπιθυμητικὸν
556 4024 637 4105 λέγει·
653 4025 707 4082 τίνι
720 4025 771 4105 γὰρ
785 4021 865 4097 ἄλλῳ
882 4023 1014 4103 ἐγγίνεται
1029 4026 1047 4094 ἡ
1062 4024 1145 4081 κακία
1160 4023 1177 4095 ἰ,
1193 4028 1231 4102 τῷ
1247 4022 1382 4098 ἐπιθυμη-

288 4263 302 4312 5
318 4259 480 4329 παρακατιῶν
493 4259 540 4311 256
556 4257 579 4308 Β
641 4256 672 4308 14
690 4254 800 4306 canoto.
815 4254 862 4306 218
875 4253 897 4304 C

290 4392 463 4458 ΝΟῙλίγειν
477 4389 577 4442 seclusi
641 4388 941 4449 3καίροείώςοω.Μ
1006 4388 1183 4446 Meum
1247 4391 1381 4444 soruba

257 4469 281 4516 A
344 4461 438 4528 9εἰθε]
454 4459 509 4530 εἶχε
528 4461 556 4516 Μ
619 4461 651 4512 13
668 4458 854 4522 ὑταν,ὑεῦί)ι·.
874 4462 899 4507 Α
963 4457 999 4524 δί]
1015 4476 1041 4510 τε
1059 4459 1087 4508 Μ
1107 4461 1178 4512 Plat.
1241 4462 1272 4513 15
1290 4467 1382 4530 ἐξηγη-

255 4534 323 4600 mal
339 4533 510 4599 ἰξηγηματικίε
529 4532 557 4581 Μ
623 4531 653 4582 16
674 4531 771 4594 ίτοιμος
791 4528 820 4578 Μ
887 4528 1029 4595 βουληθείη]
1050 4532 1195 4596 βουλευθιίη
1218 4533 1245 4582 Μ
1313 4534 1380 4585 186

257 4607 333 4657 rubr.
352 4607 378 4655 Α
441 4603 471 4653 21
493 4604 546 4664 εὰν,
567 4607 578 4654 τ
596 4602 670 4653 rubr.
690 4607 714 4651 Α
777 4599 808 4650 22
828 4601 871 4650 καί
890 4598 984 4649 addidi
1045 4599 1076 4651 23
1099 4600 1171 4666 εθώνΙ
1191 4604 1267 4654 ἐθνῶν
1290 4603 1318 4653 Μ

257 4678 289 4729 26
307 4677 390 4729 αὐτῶν
410 4675 491 4726 etiam
516 4674 584 4724 Plau.
607 4673 685 4724 codd.
710 4671 757 4721 ΒΤ
780 4685 786 4721 :
809 4671 891 4722 αὐτῶν
912 4671 940 4720 Μ
1006 4669 1037 4722 28
1061 4665 1175 4722 «habt.
1198 4676 1221 4722 Α
1245 4677 1289 4736 (ὡς
1313 4675 1382 4726 ΡΙαι,

258 4749 317 4798 οοό.
334 4748 368 4812 Β)
433 4749 570 4814 ἐνεγίγνετο
585 4747 620 4795 Α·
631 4743 704 4810 (fort.
720 4745 841 4810 ἰνεγίνετο
854 4741 889 4806 Α)
903 4753 910 4792 :
925 4743 1019 4809 ἐγίνετο
1036 4741 1088 4792 ΕΜ
