3660 5686
523 595 577 649 ΕΙΣ
598 600 659 650 ΤΟΝ
683 593 857 650 1111111Νο111
880 596 1021 652 muros
1043 603 1165 652 EXOMA
1373 610 1404 664 97

181 755 251 820 [110]
284 747 369 806 ελθὼν
387 746 591 828 ἀπολογησηται
608 752 645 826 τῷ
663 745 825 820 ἀδικηθέντι,
846 746 956 806 ἀναλύει
974 750 1005 805 τὸ
1024 748 1146 826 ἀδίκημα
1160 752 1205 808 καί
1226 751 1405 809 ἀνυπεύθυνον

172 867 201 916 ι).
222 851 266 903 111
283 847 377 904 ἀαυτθν
394 851 468 903 ποιεῖ
483 850 517 922 τῇ
538 844 610 922 δίκη,
633 845 697 902 δ’ταν
716 845 744 902 δὲ
758 846 860 924 πατρός
880 846 884 925 Ι
902 867 943 911 τις
962 845 1084 922 ἀδίκημα
1103 846 1221 925 ἀναλύη,
1239 851 1268 906 ὃν
1286 851 1405 928 1ιίρττασεν

285 945 385 1010 ἐκεῖνος
400 945 482 1024 ἀγρὸν
495 943 558 1024 ρέρε
573 942 729 1017 ἀποδιδούς,
743 946 836 1002 ἑαυτόν
850 967 878 1002 τε
892 946 1073 1003 ἀνυπεύθυνον
1087 953 1162 1003 ποιεί
1175 952 1209 1023 τῇ
1222 947 1298 1024 δίκη,
1313 951 1363 1020 τήν
1375 971 1405 1006 τε

284 1045 376 1124 ψυχὴν
396 1049 444 1099 τού
466 1042 579 1122 πρώτως
600 1042 768 1122 ἁρπάσαντος
791 1042 957 1124 ἐπικουφίζει
974 1044 1020 1100 καὶ
1040 1041 1142 1124 ὠφελεῖ
1163 1045 1258 1124 (ταῦτα
1277 1045 1305 1104 δὲ
1323 1048 1369 1103 καί
1387 1051 1405 1118 ί,

225 1141 239 1190 5
284 1139 426 1212 τελεστική
452 1148 551 1199 Βάττον
576 1139 668 1222 ίάται),
694 1141 738 1198 ἐάν
760 1140 852 1216 μέντοι
875 1141 928 1198 ἀπὸ
953 1142 1093 1221 προγόνων
1118 1143 1237 1222 ἀρπάσας
1263 1145 1335 1225 τύχη
1359 1146 1406 1202 τὸν

285 1240 366 1320 ἀγρὸν
387 1242 432 1296 καί
452 1236 549 1320 έρεξῆς
572 1237 637 1296 δ’λον
658 1241 688 1296 τὸ
707 1241 785 1318 γένος
808 1243 959 1321 χρήσηται,
981 1247 1090 1320 πρῶτον
1113 1242 1162 1316 μέν
1185 1240 1289 1315 ἀίδηλον
1311 1243 1406 1301 λοιπὸν

284 1339 383 1415 γίνεται
396 1339 427 1396 τὸ
441 1337 563 1412 ἀδίκημα
575 1338 624 1394 καί
639 1337 724 1414 ταύτῃ
743 1336 947 1419 δυσιατιύτερον,
964 1335 1058 1396 ἔπειτα
1072 1336 1100 1394 δέ
1114 1340 1159 1395 καί
1174 1342 1189 1396 δ
1203 1341 1301 1422 χρόνος
1318 1341 1407 1422 ὥσπερ

285 1444 373 1517 φυσιοῖ
396 1439 426 1493 τὸ
451 1437 543 1496 κακόν.
571 1437 619 1492 Διά
641 1434 674 1506 δὴ
697 1441 775 1493 τοῦτο
797 1435 930 1500 πολλάκις
955 1439 981 1494 οί
1003 1439 1065 1494 3εοῖ
1086 1437 1285 1518 προρητεύουσι
1304 1441 1349 1495 καί
1369 1441 1406 1504 είς

285 1532 381 1592 τούσδε
402 1535 463 1600 τούς
483 1535 582 1599 τύπους
604 1532 736 1591 ἀπελθεῖν
757 1535 802 1591 καί
823 1535 1045 1613 ἀπολογήσασθαι
1065 1534 1133 1610 τῷδε
1156 1541 1195 1610 τῷ
1217 1537 1361 1616 ἀνθρώπῳ,
1384 1540 1407 1612 ᾧ

223 1629 255 1680 ¹⁰
287 1631 424 1709 μηδέποτε
445 1633 582 1713 γνώριμος
603 1633 709 1711 γέγονε,
731 1634 777 1689 καὶ
798 1628 1018 1708 ἐξευμενίσασθαι
1037 1631 1125 1704 τόνδε,
1146 1633 1181 1689 ’ἶν’
1203 1634 1289 1699 ούτως
1310 1633 1406 1699 ίάσεως

283 1733 355 1812 τύχη
374 1733 419 1788 καί
439 1731 575 1802 ἀποθῆται
593 1732 626 1788 τά
647 1729 764 1811 δυσχερῆ
787 1733 833 1787 καὶ
852 1731 988 1804 παύσηται
1009 1731 1276 1806 ποινηλατούμενος.
1300 1740 1408 1813 Προρη-

284 1829 391 1888 τεύουσι
413 1827 442 1886 δε
462 1831 489 1885 σί
511 1831 574 1886 Βεοί
595 1829 648 1910 οὐχ
667 1829 714 1886 ’ίνα
735 1831 786 1899 τὴν
805 1827 884 1901 δίκην
905 1826 1047 1897 ἀνέλωσιν,
1069 1827 1133 1885 ἀλλ’
1150 1829 1195 1886 ’ίνα
1213 1831 1245 1886 τά
1262 1839 1311 1902 τῆς
1331 1829 1407 1904 δίκης

284 1929 395 2009 γένηται
408 1929 454 1984 καὶ
467 1931 550 2002 ἡμεῖς
566 1927 789 2008 ἐπανορθούμεθα.

270 2051 272 2054 ·
325 2025 356 2083 ‘fl
371 2024 512 2096 τελεστική
529 2023 586 2101 ούν,
605 2029 628 2100 ᾦ
644 2025 674 2082 ἀι
688 2025 829 2104 ἐγγένηται
844 2025 925 2082 αύτύν
939 2048 970 2083 τε
984 2027 1093 2106 ἀνορθοῑ
1111 2027 1158 2083 τὸν
1174 2024 1272 2108 ἔχοντα’
1289 2029 1340 2098 τήν
1357 2050 1408 2102 μα-

192 2177 196 2184 .
222 2127 255 2178 15
287 2127 358 2198 νίαν,
374 2127 418 2183 καί
437 2123 471 2182 δι’
486 2125 567 2182 αύτού
585 2126 630 2180 καί
649 2117 757 2189 ἄλλους’
769 2123 892 2189 πολλούς
912 2125 1003 2198 σῴζει·
1022 2125 1111 2204 ὥσπερ
1127 2123 1160 2194 δὴ
1179 2126 1223 2182 καὶ
1243 2125 1285 2182 ἐπὶ
1305 2125 1408 2182 ἐκείνου

287 2224 398 2304 λέγεται
416 2230 465 2282 τού
483 2225 615 2298 τεμύντος
629 2224 681 2294 τὴν
696 2222 759 2304 δρύν
774 2225 820 2281 καὶ
834 2222 1076 2303 παρακαλουμένου
1092 2223 1143 2280 ὑπὸ
1162 2232 1212 2295 τῆς
1232 2224 1346 2305 Νύμρης
1368 2225 1407 2299 μή

286 2329 393 2399 τεμεῖν,
415 2323 491 2398 δμως
512 2323 561 2380 ούκ
579 2321 717 2405 ἐρείσατο,
739 2321 804 2380 ἀλλ’
826 2318 906 2397 ἔτεμε
925 2323 970 2378 καὶ
987 2320 1075 2396 ἔμεινε
1094 2319 1348 2397 ποινηλατούμενος
1362 2323 1408 2379 καί

288 2429 342 2481 τῶν
361 2423 518 2500 ἀναγκαίων
537 2425 644 2502 τροφῶν
665 2419 808 2496 δεόμενος,
829 2423 874 2477 καί
895 2419 923 2477 εί
938 2442 1005 2477 ποτε
1023 2421 1068 2476 καὶ
1081 2419 1204 2477 ἐνέπιπτέ
1215 2427 1321 2493 <τι>
1336 2421 1409 2494 αύτῷ

288 2521 364 2585 εύθύς
385 2517 537 2600 ἐξερορεῖτο
557 2518 635 2600 ἀχρις
655 2519 687 2576 ού
706 2521 720 2575 δ
742 2519 874 2589 τελεστὴς
897 2518 969 2596 αύτῷ
991 2518 1048 2575 εἶπε
1070 2519 1165 2594 βωμὸν
1187 2517 1343 2597 ἱδρύσασθαι
1363 2519 1408 2575 καί

224 2619 257 2669 2⁰
288 2625 371 2677 Βύσαι
391 2617 456 2694 τῇδε
477 2623 510 2694 τῇ
533 2617 644 2699 Νύμρη·
666 2618 712 2674 καὶ
737 2618 823 2682 ούτως
846 2617 980 2674 ἐπαύσατο
1002 2622 1057 2673 τῶν
1080 2623 1235 2698 συμφορῶν.
1260 2614 1356 2692 ’Ἄλλῳ
1381 2614 1409 2673 δε

290 2719 540 2798 μητροκτονήσαντι
556 2717 629 2774 εἶπεν
642 2718 657 2772 δ
671 2717 737 2780 θεὸς
754 2717 867 2788 ζητῆσαι
882 2714 968 2788 ἀλλην
982 2724 1036 2793 γῆν
1051 2716 1122 2795 παρά
1136 2717 1185 2787 τήν
1199 2713 1283 2772 ούσαν
1294 2716 1340 2770 καί
1354 2713 1409 2772 ἐκεῖ

288 2817 435 2888 οίκῇσαι,θ
455 2814 494 2887 δὲ,
510 2823 589 2888 νῆσον
607 2813 779 2872 ἀναδοθεῖσαν
799 2815 850 2871 ύπὸ
869 2819 917 2870 τού
936 2819 1062 2889 ποταμού
1082 2809 1231 2888 συμύαλὼν
1249 2812 1407 2884 δηλοῦσθαι,

289 2912 413 2972 ἀπελθὼν
427 2912 529 2989 ᾤκησε,
545 2915 590 2970 καί
605 2912 738 2970 ἐπαύσατο
752 2912 1017 2987 ποινηλατούμενος,
1036 2911 1133 2976 Καλῶς
1152 2910 1181 2968 δὲ
1195 2907 1325 2991 προέταξε
1344 2910 1407 2974 τούς

288 3011 446 3091 καθαρμούς
461 3016 515 3068 τῶν
527 3009 659 3068 τελετῶν·
677 3013 702 3067 οί
718 3012 767 3085 μὲν
780 3012 830 3090 γάρ
845 3007 1061 3067 ἀπαλλάττουσιν
1078 3014 1153 3085 ἡμᾶς
1168 3015 1221 3066 τῶν
1238 3009 1406 3088 ἀλλοτρίων,

224 3110 255 3160 25
288 3113 316 3168 αί
336 3109 365 3168 δὲ
385 3108 490 3168 τελεταὶ
509 3108 604 3167 λοιπὸν
625 3108 784 3188 ένιδρύουσι,
803 3111 848 3165 καί
869 3115 959 3173 θεοῖς.
985 3105 1116 3180 Ἐξάντη
1141 3106 1169 3164 δὲ
1191 3107 1265 3186 λέγει
1286 3107 1342 3164 ἀντὶ
1362 3113 1409 3164 τού

287 3211 403 3289 καθαρὸν
417 3211 461 3266 καί
475 3205 502 3275 έξ
519 3208 648 3280 ἐναντίας,
667 3209 685 3284 ᾖ
701 3206 811 3266 διέκειτο
830 3206 912 3264 πάλιιι
928 3204 1191 3282 ποινηλατούμενος,
1207 3207 1266 3262 ἀντὶ
1281 3211 1329 3262 τού
1345 3207 1407 3282 ὑγιῆ

288 3310 333 3364 καί
347 3305 399 3375 ἔξω
414 3306 494 3380 ἄτης·
510 3309 541 3364 τὸ
555 3305 584 3364 δὲ
598 3307 612 3364 ύ
626 3303 743 3385 ἔγκειται
759 3303 794 3363 δι’
810 3305 967 3380 εὐστομίαν.

329 3457 363 3520 δ’.
391 3460 486 3538 Τρίτη
512 3457 544 3515 δὲ
568 3459 629 3515 ἀπὸ
654 3459 803 3534 Μουσῶν]
829 3458 887 3515 245
911 3456 946 3515 A.

328 3604 425 3683 Τρίτην
437 3605 539 3674 ταύτην
554 3604 604 3674 τὴν
621 3603 753 3677 μουσικὴν
770 3603 867 3677 μανίαν
879 3602 1073 3684 παραδίδωσιν,
1092 3603 1152 3675 ἥτις
1169 3604 1202 3660 τά
1218 3609 1272 3659 τῶν
1286 3597 1411 3658 παλαιῶν

228 3707 259 3757 θθ
289 3697 353 3781 ἔργα
368 3703 486 3777 ὑμνοῦσα
497 3703 541 3759 καὶ
556 3702 650 3780 ἀρετάς
667 3701 712 3758 καί
729 3700 928 3776 ἐπιτηδεύματα
943 3700 986 3758 διά
1002 3702 1107 3780 μέτρων
1122 3701 1272 3772 ἀντείνασα,
1290 3700 1412 3758 παιδεύει

290 3801 336 3857 τὸν
353 3800 424 3878 βίον.
442 3797 704 3876 11ἠ3αυμάσηςδὶ,
722 3801 744 3856 εί
764 3799 877 3856 ἐνταῦθα
895 3798 1066 3868 παιδευτικήν
1085 3799 1152 3856 εἷναί
1174 3821 1240 3879 φησι
1259 3801 1308 3870 τήν
1327 3820 1411 3872 ποιη·

323 4003 353 4055 16
366 4007 480 4070 λέγεταιι
497 4002 565 4052 nihil
580 4002 614 4053 de
629 4004 681 4054 hoc
695 4001 750 4053 seio
813 4001 845 4052 20
859 4002 944 4069 ἅλλῳι
959 3967 1028 4051 ιιίθίί
1041 4001 1076 4051 de
1093 4001 1145 4052 hoc
1161 3999 1217 4050 scio
1280 4001 1310 4050 25
1325 3999 1411 4063 ἐξάντη

291 4099 322 4114 -
335 4075 364 4125 27
381 4076 515 4138 εὐστομίαν
531 4074 587 4136 jam
606 4074 691 4125 edidit
709 4073 854 4130 Βυιιιιιιιιιι
871 4073 907 4123 ad
927 4071 996 4122 Tim.
1019 4087 1044 4136 p.
1061 4072 1141 4122 7901
1161 4071 1183 4121 P
1245 4070 1410 4122 2701.T1.u.

292 4144 471 4282 ἔξωὲὲξιὶνρχ·
486 4148 514 4197 τὸ
529 4149 541 4195 ύ
556 4147 664 4211 ’έγκειται
679 4147 709 4196 δι’
725 4143 867 4209 εὐστομίαν·
890 4146 942 4196 ἀντὶ
961 4147 1004 4195 τοῦ
1020 4145 1078 4208 ύγιῆ
1092 4145 1135 4193 καὶ
1149 4143 1197 4200 ’ἔξω
1213 4141 1272 4206 ἀτης
1288 4157 1294 4192 :
1314 4141 1411 4192 eadem

324 4335 386 4388 TIT
403 4337 433 4386 15
449 4335 514 4401 ζήτει
528 4335 573 4400 τὴν
589 4340 699 4403 ἱστορίαν
714 4336 735 4386 C

324 4453 371 4504 NC
388 4455 400 4504 l
416 4451 616 4519 ἀπολογήσηται]
632 4452 820 4517 δμολογὴσηται
835 4451 863 4501 Μ
928 4451 942 4498 3
959 4447 1069 4506 ἀποδούς
1083 4447 1112 4497 Μ
1175 4446 1191 4496 8
1205 4450 1288 4510 ρυσιεῖ
1302 4445 1350 4495 ΑΕ

292 4526 322 4576 10
341 4528 534 4589 έξευμενίζεσθαι
549 4525 577 4573 Μ
643 4524 672 4573 11
690 4525 812 4586 ἀπόθηται
826 4522 889 4572 libri
953 4521 982 4570 16
998 4523 1128 4584 τέμνοντος
1142 4517 1175 4580 (1)
1241 4517 1271 4567 17
1288 4521 1414 4588 ἐρείσατο]

293 4593 399 4662 ἐρύσατο
415 4596 443 4646 Μ
460 4595 527 4658 (jam
537 4600 692 4646 correxerat
704 4595 771 4658 Asr)
835 4594 865 4644 18
879 4595 991 4644 ἐνέπιπτέ
1005 4594 1089 4650 <τι>
1102 4589 1214 4653 scripsi:
1231 4593 1357 4640 ἐνέπιπτεν
1371 4591 1394 4638 Α
1406 4597 1412 4639 1

293 4670 422 4720 ἀνέπιπττν
440 4667 468 4717 Μ
533 4667 562 4718 21
584 4669 626 4717 καὶ
645 4679 699 4716 0111.
720 4667 747 4715 M
812 4667 842 4716 23
861 4667 998 4730 προσέταξε
1018 4663 1044 4712 Μ
1111 4659 1414 4728 28τρίτη,τρ1’111)ι·.Α

353 4739 384 4790 29
400 4736 525 4802 παλαιῶν]
539 4741 639 4790 πολλῶν
654 4737 682 4787 Μ
748 4737 779 4788 θθ
796 4738 857 4804 ἔργα
873 4749 928 4786 om.
945 4735 972 4784 M

360 4849 528 4904 Οουνιιιιυπ
1277 4842 1291 4895 7
