3600 5734
427 577 475 626 200
808 563 950 614 ΕΡΜΕΙΟΥ
970 563 1168 614 ΦΙΛΟΣΟΦΟΥ

327 731 395 798 [170]
431 723 568 802 ἐρωμένου
583 718 763 793 ἀναμνησθεὶς
777 721 831 774 τῶν
844 721 950 790 νοητῶν
961 718 1007 774 καί
1024 716 1063 781 είς
1079 718 1173 774 ἑαυτὸν
1188 717 1333 796 γενόμενος
1348 720 1393 777 καί
1406 724 1556 802 θεωρήσας

429 823 460 879 τό
480 819 577 892 ἀληθὲς
596 815 712 888 κάλλος,
733 817 893 896 ὑπερεκχέει
912 837 938 871 τι
957 813 984 880 ἐξ
1001 818 1043 872 ῶν
1062 813 1139 896 ἔσχεν
1158 817 1266 894 ἀγαθῶν
1284 818 1322 883 είς
1336 819 1384 874 τόν
1399 818 1554 898 ἐρώμενον,

430 921 495 998 ὅπερ
519 915 661 992 δεξόμενος
684 916 698 970 ὁ
723 913 861 995 ἐρώμενος
884 914 937 970 ἀπὸ
961 919 1009 970 τοῦ
1033 913 1155 994 ἐραστοῦ,
1180 915 1270 995 ὥσπερ
1294 916 1356 972 ιἰπὸ
1380 915 1480 976 λείων
1504 919 1556 974 καί

429 1016 560 1094 λαμπρῶν
574 1009 802 1086 ἁναπαλλομένου
820 1013 865 1068 καί
880 1012 1063 1092 ἀντηχοῶντος
1076 1019 1124 1069 τοῦ
1139 1013 1237 1094 ψόφου,
1254 1013 1272 1084 ἢ
1288 1009 1445 1094 ώσπερᾰπό
1461 1017 1555 1090 όμμιί-

383 1125 397 1172 5
430 1137 483 1171 των
505 1111 548 1170 διὰ
568 1114 618 1183 τὴν
633 1110 797 1184 συμπάθειαν
815 1115 864 1166 τοῦ
883 1111 974 1190 ἐτέρου
995 1107 1121 1185 όμματος
1142 1111 1399 1186 ἀναπιμπλαμένου,
1420 1113 1556 1170 ἀνατείνει

324 1213 414 1264 1⁰71v·
430 1213 466 1277 είς
484 1211 489 1290 Ι
507 1210 601 1268 ἐαυτὸν
615 1209 773 1287 καὶγίνεται
788 1209 802 1264 ὁ
818 1206 952 1286 ἐρώμενος
970 1208 1095 1288 ἐραστής.

471 1363 519 1435 ἔτ’,
545 1367 611 1446 Οὐχ
633 1363 1006 1446 ὁποσχηματιζομένου]
1029 1365 1086 1424 255
1109 1367 1146 1428 Α.

470 1515 554 1568 Τοῦτο
571 1509 621 1587 γὰρ
639 1514 760 1564 ποιοῦσιν
775 1509 802 1564 οί
817 1508 891 1564 νόθοι
906 1507 1013 1587 ἐρασταί
1028 1509 1255 1588 προσποιούμενοι
1268 1513 1314 1567 καί
1329 1512 1557 1592 ὁποσχηματιζό-

433 1629 509 1684 μενοι
524 1606 620 1687 φιλεῖν.
638 1639 676 1649 -
692 1605 749 1662 Καί
766 1605 864 1668 αιἰτός
879 1605 922 1663 ὣν
938 1608 1030 1687 φύσει
1045 1608 1153 1687 φίλος·
1170 1609 1207 1673 είς
1218 1609 1314 1666 ταυτὸν
1330 1607 1391 1687 ίίγει
1402 1612 1450 1680 τὴν
1464 1609 1556 1689 φιλίαν

370 1713 400 1762 10
430 1709 475 1763 καί
489 1707 535 1762 τόν
550 1700 648 1784 ἔρωτα·
665 1701 757 1772 ἐπειδὴ
775 1701 817 1759 διὰ
832 1702 924 1783 φιλίας
943 1707 988 1761 καὶ
1007 1705 1137 1779 ὁμονοίας
1156 1707 1202 1762 καὶ
1222 1706 1372 1781 συμπνοίας
1389 1711 1407 1778 ἡ
1426 1708 1555 1786 ἀναγωγὴ

430 1804 530 1882 γίνεται
544 1805 562 1872 ἡ
577 1803 645 1880 πρὸς
662 1801 723 1864 τοὺς
738 1801 834 1866 Ξεοός.

473 1947 521 2021 ξζᾜ
546 1951 617 2010 Ἐὰν
639 1949 698 2032 ἄρα
718 1953 773 2008 καί
795 1951 889 2030 ἐντῷ
910 1952 1063 2031 πρόσθεν]
1086 1954 1144 2011 255
1167 1953 1204 2010 Α.

471 2097 610 2153 Τουτέατιν
636 2093 680 2150 ἐὸιν
701 2093 720 2170 ῇ
740 2089 1000 2169 διαθεόλημένος
1020 2103 1070 2166 τῆς
1095 2095 1233 2161 συνουσίας
1256 2101 1304 2152 τοῦ
1323 2095 1433 2178 ἐραστοῦ
1458 2096 1500 2152 ότι
1523 2097 1556 2152 οὐ

433 2201 591 2270 σωματικῆς
611 2193 722 2274 χάριτος
741 2189 820 2249 ’ἕνεκα
839 2192 1001 2265 ἐπλησίασεν
1022 2194 1094 2271 αὐτῷ
1112 2191 1186 2252 ἀλλὰ
1207 2192 1345 2275 ὠφελείας
1366 2197 1472 2275 ψυχῆς,
1492 2194 1556 2251 τότε

370 2300 401 2351 15
432 2289 616 2374 παραδίδωσιν
630 2289 723 2347 ἐαυτὸν
735 2292 940 2371 καταφρονήσας
956 2291 1069 2356 τῶντὰς
1086 2286 1215 2355 διαδολὰς
1230 2289 1372 2369 λεγόντων.

337 2459 415 2524 p‚171
474 2441 527 2514 ξη’.
552 2439 725 2520 Προϊόντος
747 2437 778 2495 δέ
799 2445 856 2495 τοῦ
877 2437 1022 2532 χρόΙνου]
1045 2441 1103 2498 255
1125 2437 1163 2496 Α.

471 2589 558 2642 Ταῦτα
573 2581 697 2663 όίντικρός
713 2583 781 2641 ἐστιν
797 2585 813 2640 δ
831 2583 905 2641 εἶπεν
921 2583 998 2662 ἐντῷ
1014 2579 1218 2660 Ἀλκιόιάδῇ·
1234 2583 1296 2642 όταν
1310 2582 1339 2640 δέ
1352 2585 1495 2662 προϊόντος
1505 2591 1555 2641 τοῦ

432 2684 531 2765 χρόνου
552 2684 579 2739 οί
603 2682 650 2757 μἐν
672 2687 720 2738 τοῦ
742 2683 867 2758 σώματος
887 2682 1002 2762 ἐρῶντες
1026 2681 1220 2762 ἀποφοιτῶαιν,
1244 2682 1323 2747 αὐτὸς
1346 2681 1374 2739 δέ
1396 2683 1553 2762 παραμένῃ,

434 2781 518 2854 δῆλον
533 2781 636 2859 γίνεται
651 2786 688 2860 τῷ
704 2780 800 2860 ἐραστῇ
816 2781 856 2837 ότι
871 2781 902 2836 οὗ
918 2788 1075 2855 σωματικῆς
1087 2781 1202 2861 χάριτος
1215 2777 1295 2838 ἐνεκα
1308 2782 1473 2860 παραμένει,
1488 2779 1555 2836 ἀλλὰ

371 2889 403 2940 20
433 2887 470 2959 τῷ
489 2879 623 2938 ἀπολόσαι
641 2880 688 2936 τὸν
707 2879 777 2936 νέον·
799 2877 901 2936 διὸκαὶ
922 2880 936 2936 ὁ
956 2879 1015 2944 νέος
1034 2878 1126 2958 καιρόν
1146 2876 1243 2936 λοιπόν
1261 2877 1334 2958 ἔχων
1353 2883 1401 2936 τοὸ
1419 2881 1553 2951 κατήκοος

433 2980 552 3058 γίνεσθαι
569 2975 659 3056 λόγων
676 2979 721 3034 καί
742 2976 887 3058 διακρίνειν
908 2979 954 3034 τόν
974 2979 1084 3055 γνήσιον
1106 2976 1231 3056 ἐραστὴν,
1252 2977 1291 3040 είς
1312 2977 1427 3051 ὁμιλίαν
1443 2973 1555 3058 ἔρχεται

435 3083 471 3156 τῷ
488 3077 584 3157 ἐραστῇ
599 3077 645 3134 καὶ
660 3075 837 3157 παραδίδωσιν
853 3076 945 3133 ἐαυτὸν
960 3080 997 3153 τῷ
1013 3075 1121 3156 ἐραστῇ.

477 3223 525 3296 ἔθ’.
549 3228 589 3284 Οὐ
610 3229 668 3308 γὰρ
690 3227 812 3300 δηποτε
836 3228 992 3308 είμαρται
1012 3225 1125 3307 κακόν]
1148 3228 1205 3286 255
1229 3227 1265 3286 B.

475 3375 511 3431 Οό
531 3376 581 3453 γόιρ
602 3373 702 3456 πέφυκε
723 3375 755 3430 τόι
777 3374 893 3448 ἀνόμοια
915 3373 1121 3450 συμμίγνυσθαι,
1144 3371 1206 3430 οὔτε
1227 3373 1309 3436 κακὸς
1332 3372 1444 3452 ἐραστὴς
1466 3373 1555 3452 ἀγαθῷ

373 3495 402 3544 25
436 3474 564 3554 ἐρωμένῳ
586 3471 646 3529 οὸτε
666 3473 749 3536 κακὸς
771 3473 905 3550 ἐρώμενος
927 3473 1016 3549 ἀγαθῷ
1038 3470 1147 3550 ἐραστῇ·
1170 3471 1200 3527 τό
1220 3471 1271 3550 γὰρ
1290 3469 1385 3544 δμοιον
1406 3475 1444 3549 τῷ
1465 3471 1555 3546 ὁμοίῳ

437 3570 530 3650 φίλον·
554 3567 595 3626 διὸ
615 3567 677 3625 οὐδὲ
696 3572 711 3625 ὁ
727 3571 809 3634 κακὸς
828 3575 866 3646 τῷ
883 3567 960 3646 καλῷ
979 3568 1060 3649 φίλος
1080 3566 1142 3625 οὐδὲ
1161 3569 1175 3623 ὁ
1192 3565 1281 3631 δειλὸς
1301 3573 1340 3642 τῷ
1362 3574 1471 3648 Ξιρααεῖ·
1495 3567 1556 3626 οὕτε

438 3669 494 3742 μὴν
508 3672 544 3745 τῷ
564 3665 688 3746 ἀνδρείῳ,
706 3665 798 3739 ἐπειδὴ
813 3671 831 3738 ἡ
849 3668 929 3724 κακία
942 3667 1066 3746 ἀόριστός
1082 3665 1137 3723 ἐστι
1153 3667 1198 3722 καί
1213 3664 1332 3744 1α’πειρος,
1347 3667 1382 3722 τὰ
1396 3663 1426 3723 δέ
1441 3665 1512 3722 καλὰ
1528 3666 1555 3724 ἐν

439 3766 528 3846 μίτρην
545 3766 600 3822 ἐστί
615 3765 659 3822 καί
675 3769 779 3846 πέρατι.
796 3801 834 3810 -
854 3766 1028 3846 Εἱμαρμένην
1043 3763 1071 3821 δέ
1086 3765 1161 3844 λέγει
1175 3765 1226 3834 τὴν
1241 3766 1303 3843 περὶ
1316 3767 1366 3836 τὴν
1380 3764 1552 3842 σωματοειδῆ

439 3867 511 3936 ζωὴν
527 3865 573 3920 καί
591 3858 672 3929 τάξιν·
691 3865 706 3920 ὁ
721 3860 880 3945 Ἰόμδλιχος
896 3863 924 3921 δέ
942 3867 992 3936 τὴν
1009 3865 1087 3945 φόσιν
1101 3869 1147 3921 τοῦ
1165 3864 1264 3928 παντός
1281 3864 1450 3944 εἱμαρμένην
1461 3863 1554 3924 καλεῖ.

468 4057 498 4108 17
515 4055 605 4108 Αίσίί).
621 4058 632 4107 1
649 4057 694 4108 121
710 4059 734 4108 D
797 4059 828 4110 29
844 4059 880 4110 01.
896 4058 920 4117 9,
936 4060 966 4110 10

469 4179 531 4229 TIT
546 4180 577 4230 29
594 4174 695 4243 ήφόσις
709 4183 754 4232 τοῦ
768 4182 860 4238 παντός
875 4183 1011 4248 εἱμαρμένη
1023 4181 1088 4232 κατὰ
1104 4179 1248 4248 Ἰἁμὸλιχον
1264 4179 1285 4230 C

470 4293 517 4342 Nc
537 4293 552 4343 2
573 4295 707 4360 ὁπερεκχεῖ
727 4293 756 4341 Μ
821 4293 835 4342 θ
856 4293 918 4360 ὅπερ
938 4294 1034 4356 scripsi
1054 4307 1061 4342 z
1084 4293 1147 4360 ἅπερ
1168 4293 1230 4342 libri
1294 4293 1308 4342 7
1325 4293 1383 4360 οὺχ,
1399 4293 1430 4344 οὐ
1442 4293 1517 4342 rubr.
1533 4297 1558 4343 Α

500 4365 679 4431 ὁποσχημένου
693 4362 762 4412 Plat.
775 4364 835 4413 eod.
851 4363 872 4411 B
889 4364 946 4424 ίύπὸ
962 4366 1178 4430 σχηματιζομίνου
1191 4362 1264 4424 αδδ.)
1327 4362 1359 4413 10
1372 4365 1415 4413 καὶ
1424 4363 1467 4413 τόν
1477 4364 1558 4430 ἔρωτα

439 4447 493 4484 om.
514 4435 541 4483 M
608 4433 636 4482 11
658 4433 715 4491 τοὺς
733 4434 837 4483 οαι.Μ
902 4433 1170 4494 12ίίιν,ίιυ1)τ.Α
1235 4431 1428 4501 131ὁν]ὲντῷ
1443 4437 1480 4482 Α·
1540 4428 1557 4508 ᾖ

439 4504 534 4568 scripsi
554 4517 560 4553 2
582 4506 624 4555 καί
644 4503 704 4552 libri
768 4502 808 4569 οὺ]
828 4505 885 4571 οθχί
906 4505 933 4553 Μ
1000 4505 1029 4553 14
1051 4514 1200 4569 σωματικῶς
1219 4506 1251 4554 Α1
1315 4511 1358 4568 τῆς
1379 4508 1495 4570 ψυχῆςι

440 4575 469 4624 16
485 4579 625 4642 προϊόντος,
642 4593 676 4642 πρ
695 4575 770 4626 rubr.
785 4579 809 4624 Α
873 4575 899 4626 δέ
915 4573 964 4640 ἤδη
980 4575 1050 4626 Plau.
1115 4577 1146 4627 18
1162 4578 1250 4644 ἔρωτες
1264 4576 1297 4626 A*
1361 4574 1393 4625 20
1407 4571 1454 4642 τῷ]
1467 4577 1511 4626 τοῦ
1526 4575 1555 4624 Μ

501 4647 531 4696 22
551 4649 594 4696 καί
610 4659 665 4696 om.
686 4645 716 4694 M
779 4645 809 4695 23
832 4646 862 4697 οὐ
880 4646 954 4696 rubr.
975 4648 999 4696 Α
1063 4647 1092 4697 25
1114 4648 1163 4714 γὰρ
1182 4647 1277 4711 scripsi
1295 4660 1303 4698 t
1322 4645 1348 4697 δὲ
1365 4645 1429 4695 libri
1491 4643 1558 4695 2θὸ

439 4723 501 4767 ante
513 4719 591 4775 κακός
603 4729 658 4766 om.
672 4717 701 4766 M
765 4718 841 4775 καλὸς
854 4723 881 4768 et
891 4726 963 4787 κακῷ
976 4719 1009 4767 A*
