3660 5686
508 657 562 707 nn
583 655 644 706 τοι
668 653 844 704 mererer.
866 651 1009 702 ennon
1032 653 1153 704 ειοιιε
1368 664 1399 714 77

177 815 244 881 1100]
277 815 361 885 νοητῇ
380 810 424 865 καί
443 809 538 889 ἀηανεῑ
558 804 675 886 άρμονία
688 807 732 862 καί
747 805 799 862 άπὸ
814 810 861 862 τοῦ
877 804 1006 876 αἰσθητοῦ
1020 802 1141 870 κάλλους
1157 807 1202 863 καί
1219 801 1271 873 έξω
1284 828 1398 887 προφαι-

276 905 390 981 νομένου
410 908 549 988 περιήχθη
571 905 607 968 εἰς
626 904 657 961 τὸ
677 903 776 975 νοητὸν
794 901 839 958 καί
857 901 954 982 άρανές
971 899 1139 986 κάλλοςικαί
1159 905 1174 960 ὃ
1193 909 1231 978 νῷ
1247 903 1324 979 μάνῳ
1343 903 1398 961 ἐστὶ

278 1004 394 1077 ληπτόν·
418 1007 432 1061 ὁ
455 1002 484 1061 δέ
508 1002 679 1082 Στησίχορος
705 995 732 1067 έξ
755 1001 844 1080 ἀρχῆς
871 1000 919 1075 μέν
942 1000 988 1057 καί
1013 1000 1093 1064 αὐτὸς
1118 998 1227 1081 ίθεώρει
1249 1003 1280 1059 τὸ
1304 1003 1401 1075 νοητὸν

278 1101 390 1174 κάλλος,
412 1101 523 1180 ὕστερον
543 1099 571 1158 δέ
591 1099 693 1158 ἰκείθεν
712 1095 830 1163 καταάάς
849 1099 896 1154 καί
918 1097 1062 1156 ἀποπεσὼν
1080 1097 1186 1171 έκείνης
1205 1109 1256 1172 τῆς
1277 1097 1399 1180 θεωρίας

231 1207 247 1256 5
277 1197 382 1280 θεωρεῖ
400 1202 431 1257 τὸ
453 1199 583 1271 αἰσθητὸν
603 1196 716 1262 κάλλος·
740 1201 820 1254 τοῦτο
842 1196 893 1275 γάρ
915 1195 1045 1271 σημαίνει
1064 1197 1134 1254 κατά
1154 1197 1256 1268 ταύτην
1275 1187 1329 1267 τὴν
1343 1197 1401 1254 ἰπι-

280 1291 366 1365 6ολί,ν
387 1297 418 1352 τὸ
440 1295 493 1352 ἀπὸ
514 1294 617 1375 τυρλοῦ
639 1293 721 1350 οῦτὸν
742 1288 904 1368 ἀναθλίψαι·
927 1294 941 1349 ίι
962 1290 990 1348 δέ
1011 1292 1158 1371 Σωκράτης
1180 1299 1351 1372 παραιτεῖται
1370 1295 1400 1350 τά

280 1394 338 1472 πτρί
351 1395 383 1448 τὸ
399 1391 527 1466 αἰσθητὸν
541 1390 647 1455 κάλλος
660 1389 798 1448 ἰνθουσιάν
812 1391 856 1447 καί
871 1389 954 1446 αὐτοῦ
964 1386 1074 1470 έχεσθαι
1086 1390 1169 1465 μάνου
1183 1392 1228 1447 καί
1244 1391 1402 1471 ἀφίστασθαι

281 1495 334 1546 τών
350 1489 456 1548 ἀλλων·
472 1495 553 1547 τοῦτο
568 1490 621 1568 γάρ
636 1488 668 1546 ἃν
682 1489 812 1564 σημαίνοι
826 1489 856 1544 τά
870 1491 959 1564 μηπω
968 1487 1146 1568 τυφλωθῆναι
1160 1488 1252 1560 αὐτὸν,
1269 1490 1300 1546 τὸ
1317 1491 1402 1564 μηπω

281 1587 447 1646 ένθουσιάσαι
461 1591 522 1670 περί
536 1589 582 1645 τδν
596 1585 678 1646 &tier
693 1586 792 1667 έρωτα.
810 1587 860 1645 Καί
873 1589 936 1667 ὁρᾷς
949 1587 991 1644 δ’τι
1005 1588 1150 1669 σίμηωνος
1166 1588 1215 1662 μέν
1227 1589 1328 1660 αῦτηη
1344 1586 1403 1658 iii,-

216 1696 248 1746 10
282 1709 361 1764 γησις
375 1693 415 1762 τῷ
428 1693 567 1768 πανταχοῦ
584 1687 723 1767 Σωκράτει
738 1681 894 1762 ίθιμνοῦντι
915 1686 977 1752 τοῦς
991 1682 1148 1765 Βεολθγους
1166 1687 1212 1744 καί
1230 1685 1292 1751 τοῦς
1310 1681 1402 1750 ἔνθους

280 1786 395 1857 ποιητάς
408 1785 453 1842 καί
468 1782 606 1863 Ὅμηρον,
624 1783 784 1862 βουλομένῳ
799 1782 828 1842 δέ
843 1783 934 1849 αὐτοῖς
944 1781 1066 1843 ἕπεσθαι.
1082 1785 1127 1842 Διὸ
1140 1783 1284 1866 ὑπίρτερον
1295 1785 1403 1842 πάντων

282 1878 420 1958 ἐδείξαμεν
439 1885 507 1941 κατά
526 1885 627 1956 ταάτην
646 1884 698 1954 την
717 1882 860 1950 ἀνάπτυξιν
876 1883 924 1940 τὸν
941 1882 1077 1962 Ὅμηρον.
1101 1883 1177 1954 Πλὴν
1192 1887 1210 1954 ἰ,
1229 1885 1324 1964 πρώτη
1340 1883 1404 1940 ἀνά-

282 1981 373 2049 πτυξις
393 1981 593 2063 προσρυεττέρα
610 1981 657 2039 καί
677 1981 827 2062 οἰκειοτέρα
845 1980 901 2040 ίστί
920 1988 978 2045 τοῖς
998 1981 1113 2039 ἐνταῦθα
1132 1983 1234 2060 ῥητοῖς.
1251 1981 1361 2040 Βέλτιον
1377 1978 1406 2038 δέ

283 2083 327 2137 καί
345 2083 396 2151 τήν
416 2077 559 2146 ἀνάπτυξιν
578 2081 629 2151 τήν
645 2080 712 2136 κατά
730 2081 781 2150 τήν
800 2077 912 2150 Ἑλένην
931 2079 976 2136 καί
996 2079 1028 2136 τὸ
1046 2077 1132 2137 ’Ἰλιον
1152 2079 1273 2136 ἐκθέσθαι
1290 2081 1336 2136 καὶ
1359 2080 1405 2136 τὸν

218 2185 250 2234 15
283 2178 407 2253 πόλεμον
422 2183 477 2234 τών
491 2178 591 2255 Τρώων
605 2179 651 2235 καί
665 2183 720 2234 τών
735 2174 887 2250 Ἑλλήνων,
903 2176 949 2234 ἵνα
962 2199 988 2234 τι
1002 2177 1048 2234 καί
1063 2176 1094 2234 έκ
1107 2178 1211 2234 τούτων
1224 2178 1305 2257 σαιρὶς
1320 2177 1358 2240 τίς
1373 2177 1406 2232 τά

283 2275 451 2356 προκείμενα
466 2271 609 2350 λάθωμεν.
626 2273 712 2333 Ἴλιον
732 2275 780 2351 μέν
796 2273 843 2332 οῦν
859 2274 974 2332 νοείσθω
994 2277 1063 2348 ἡμῖν
1082 2276 1097 2330 ὁ
1115 2275 1229 2354 γενητὸς
1246 2275 1292 2331 καὶ
1311 2271 1405 2337 ’ένυλος

285 2375 365 2440 τόπος
378 2376 450 2454 παρά
464 2373 515 2444 τήν
531 2372 591 2431 ίλῦν
604 2375 649 2430 καί
662 2374 714 2444 τήν
729 2373 799 2445 ὕλην
813 2371 899 2431 Ἴλιον
913 2373 1120 2448 ὠνομασμένον,
1132 2371 1159 2430 έν
1170 2376 1193 2448 ᾦ
1203 2373 1249 2430 καὶ
1260 2375 1274 2430 ὁ
1284 2372 1408 2448 πόλεμος

285 2473 330 2528 καί
345 2476 362 2544 ί,
379 2474 479 2536 στάσις·
496 2473 523 2529 οἰ
539 2470 568 2527 δέ
581 2476 671 2550 Τρῶες
686 2471 719 2528 τά
738 2467 820 2528 ένυλα
841 2469 903 2543 είδη
924 2471 970 2528 καί
990 2471 1018 2528 οί
1037 2471 1099 2550 περίΙ
1121 2477 1179 2534 τοῖς
1197 2471 1305 2546 σώμασι
1324 2477 1408 2527 πίεσαι

288 2571 364 2642 ζωαί,
386 2567 492 2626 διὸκαὶ
513 2569 684 2648 ἰθαγενέες
705 2567 832 2646 λέγονται
852 2569 877 2624 οἰ
897 2573 999 2647 Τρῶες·
1019 2569 1065 2624 καί
1084 2569 1136 2647 γάρ
1154 2567 1257 2626 οἰκείαν
1271 2571 1321 2638 τὴν
1337 2567 1409 2640 ῦλην

220 2676 255 2725 20
287 2670 458 2747 περιέπουσιν
479 2668 507 2724 αἰ
526 2669 586 2748 περὶ
605 2669 639 2724 τά
660 2665 775 2742 σώματα
795 2667 863 2736 ζωαί
884 2673 967 2723 πᾶσαι
987 2668 1033 2724 καί
1056 2669 1083 2723 αἰ
1103 2666 1201 2745 ἀ’λογοι
1220 2669 1315 2748 ψυχαί·
1336 2669 1363 2724 οἰ
1382 2666 1410 2724 δέ

286 2763 422 2840 ’Ἕλληνες
443 2767 470 2822 αἰ
493 2765 602 2844 λογικαίΙ
623 2766 707 2845 ψυχαί
728 2764 758 2822 ἰκ
775 2773 828 2836 ’τῆς
849 2762 990 2835 Ἑλλάδος,
1015 2767 1151 2822 τουτέστιν
1176 2765 1205 2822 ἐκ
1227 2771 1274 2822 τοῦ
1296 2771 1408 2838 νοητοῦ,

289 2863 414 2922 ἐλθοῦσαι
429 2865 467 2928 εἰς
481 2865 532 2934 τὴν
547 2862 627 2936 ίἰλην,
645 2861 746 2920 διὸκαὶ
762 2860 924 2935 ἐπήλυδες
943 2862 1069 2943 λέγονται
1082 2867 1109 2921 οἰ
1125 2861 1272 2936 Ἕλληνες,
1287 2866 1331 2922 καί
1345 2885 1411 2944 κρα-

289 2969 364 3019 τοῦσι
377 2968 433 3018 τών
446 2961 545 3040 Τρώων
560 2963 608 3018 άτε
621 2970 672 3033 τῆς
686 2963 831 3040 ὑπερτέρας
846 2959 920 3024 ὅντες
936 2957 1044 3042 τάξεως.
1058 2963 1140 3044 Μάχη
1154 2960 1183 3020 δέ
1198 2962 1290 3026 αάτοῖς
1307 2963 1411 3041 γίνεται

290 3062 350 3142 περὶ
364 3067 402 3135 τῷ
417 3058 523 3133 εἰδώλῳ
537 3067 587 3132 τῆς
599 3058 721 3132 Ἑλένης,
737 3059 773 3124 ὥς
788 3081 868 3139 φησιν
885 3061 899 3116 ὁ
913 3062 1044 3132 ποιητής·

223 3254 258 3302 25
406 3317 411 3332 Ι
510 3237 592 3320 Ἀμρί
606 3237 631 3318 γ’
647 3237 688 3319 ἀρ’
704 3235 813 3312 εἰδώλῳ
827 3245 915 3318 Τρῶες
928 3240 973 3296 καί
990 3237 1044 3297 δῖοι
1059 3238 1165 3321 ’Δχαιοί

511 3335 594 3414 δῄουν
610 3335 744 3408 ἀλλήλων
759 3337 829 3417 ἀμιρί
844 3340 973 3417 στήθεσφι
990 3337 1097 3416 βοείας,

292 3537 341 3600 τῆς
355 3526 465 3601 Ἑλένης
481 3527 512 3584 τὸ
525 3527 622 3598 νοητὸν
638 3527 742 3592 κάλλος
757 3523 908 3598 δηλοάσης,
926 3524 1046 3598 λλενάη
1062 3549 1101 3593 τις
1115 3526 1192 3598 οῦσα,
1208 3531 1226 3598 ά,
1241 3525 1412 3606 ἐφελκομένη

327 3751 355 3802 10
368 3753 497 3817 πανταχοῦ
513 3763 537 3799 e.
549 3764 576 3814 g.
590 3749 649 3798 Ιοιι.
662 3750 772 3799 sae-5³4
835 3749 865 3799 17
880 3753 1060 3814 ὠνομασμένον
1073 3763 1079 3799 2
1092 3749 1189 3800 endem
1204 3749 1332 3800 nonnulli
1343 3749 1418 3800 ininr

293 3829 416 3872 recentes
433 3827 600 3885 putaverunt
614 3829 650 3882 ιν.
670 3820 747 3870 Ριινιι
760 3833 782 3870 ε.
794 3821 832 3883 r.)
848 3833 855 3870 ι
872 3821 945 3885 apud
961 3827 1069 3872 veteres
1090 3834 1225 3885 nusquam
1246 3820 1324 3884 elias,
1342 3817 1415 3886 qnod

295 3893 388 3954 sciam,
404 3893 578 3956 reperiuntur
637 3891 668 3942 19
685 3893 806 3957 ἰθαγενέες
822 3895 832 3950 ξ
851 3891 898 3942 203
960 3891 992 3943 22
1008 3893 1127 3956 επήλυδις
1141 3892 1168 3942 in
1186 3892 1340 3943 Homericis
1354 3905 1415 3943 cer·

295 3964 415 4014 minibus
442 3976 495 4012 non
522 3963 628 4024 inveni,
651 3975 742 4026 neque
765 3963 855 4013 ullum
876 3962 905 4012 in
928 3961 1072 4013 Thesauro
1096 3963 1232 4028 Stephani
1256 3963 1415 4028 exemplum

297 4036 434 4086 Herodoto
447 4034 587 4098 antiquius
652 4035 682 4082 24
700 4034 721 4084 E
737 4033 844 4086 451-452
906 4033 937 4084 26
954 4038 1062 4098 ἰλινόηι
1082 4035 1151 4084 nihil
1170 4035 1306 4096 ejusmodi
1326 4047 1416 4099 neque

295 4108 367 4170 apud
382 4105 540 4168 Euripidem
556 4119 645 4168 neque
660 4104 687 4153 in
706 4104 902 4170 Etymologieis

328 4230 374 4282 NG
400 4232 413 4282 l
435 4232 517 4296 άρανῆ
537 4229 582 4279 EF
646 4228 813 4296 άρμονίανΕ
877 4231 939 4294 άπίι]
962 4229 1056 4282 υπδΟ
1120 4231 1246 4282 θὸοω.
1272 4233 1300 4282 Μ
1365 4234 1417 4284 ἐστὶ

295 4303 396 4366 ληπτόν]
416 4305 549 4364 ἰπιληπτόν
569 4302 598 4351 Μ
661 4300 796 4364 θίκεῖθεν]
817 4305 910 4360 ἐκεῖνος
928 4301 955 4350 Μ
1020 4301 1116 4352 δίοιθ.
1132 4301 1225 4364 <άν>
1243 4305 1361 4367 σημαίνοι
1376 4303 1418 4354 le·

295 4375 416 4439 gendum
430 4373 496 4425 tei-8
558 4369 686 4436 έπιθολὴν]
700 4369 828 4436 άποθολὴν
844 4373 871 4424 Μ
936 4371 997 4425 θάν
1010 4387 1064 4424 orn.
1077 4373 1106 4422 M
1171 4377 1289 4438 σημαίνοι
1302 4372 1417 4438 scripsi:

297 4449 412 4510 σημαίνει
429 4443 493 4494 libri
554 4443 660 4508 8μήπω
677 4449 740 4494 anie
759 4443 931 4510 ίνθουσιάσαι]
950 4445 1038 4508 μήποτ’
1057 4445 1086 4494 Μ
1149 4444 1179 4495 ll
1199 4447 1344 4513 βουλομένῳ
1366 4446 1418 4495 Μι

297 4519 451 4581 βουλομένου
471 4519 495 4565 Α
559 4513 589 4564 13
607 4513 669 4578 ἰστί]
688 4517 728 4566 ἐπί
748 4516 775 4565 Μ
842 4517 871 4564 1⁴
890 4519 932 4566 καί
951 4523 1015 4567 anie
1033 4515 1077 4580 τὴν
1095 4514 1229 4574 ἀνάπτυξιν
1251 4529 1306 4566 om.
1326 4516 1354 4566 M

295 4587 339 4652 τὴν
352 4595 417 4638 ante
431 4587 496 4639 κατὰ
510 4599 565 4637 om.
577 4587 607 4636 M
673 4586 701 4636 16
715 4588 831 4652 γεννητὸς
848 4588 875 4637 Μ
941 4589 970 4637 17
987 4587 1050 4652 Ιλὺν]
1068 4587 1122 4650 iiie
1138 4587 1166 4638 Μ
1181 4587 1247 4650 (jem
1261 4593 1421 4640 correxerat

297 4662 363 4722 Αοτ]
427 4657 459 4708 18
475 4657 540 4722 εἴδη]
557 4655 606 4721 ἤδη
622 4657 650 4707 Μ
670 4661 694 4720 (τ
709 4671 778 4707 num
795 4658 898 4721 εἴδηίιι
920 4662 986 4720 Aer)
1052 4659 1082 4708 19
1099 4660 1217 4724 ἰθαγενεῖς
1239 4659 1267 4709 Μ
1289 4661 1421 4725 (ἰθαιγενέ-

298 4749 374 4789 εσσιν,
391 4744 419 4780 ι’.
435 4731 452 4780 Ι.
470 4731 636 4794 ἰθαιγενέεσσιν
650 4729 743 4792 Hom.)
807 4729 838 4780 ²0
853 4736 879 4782 αί
891 4730 989 4797 άλογοι]
1003 4729 1124 4796 ἀνάλογοι
1135 4731 1164 4782 Μ
1229 4731 1260 4782 25
1273 4733 1297 4797 γ’
1311 4729 1360 4798 ἀρ’]
1371 4731 1421 4798 γάρ

298 4798 325 4853 Μ
343 4816 349 4852 :
367 4803 388 4854 δ’
404 4803 443 4869 ἄρ’
460 4801 542 4853 Hom.
560 4813 566 4850 :
584 4802 610 4854 δέ
624 4801 731 4853 (iumen
793 4802 824 4852 26
839 4802 965 4868 στήθεσφι]
981 4802 1107 4867 στήθεσσι,
1123 4817 1150 4854 v.
1166 4804 1185 4856 l.
1203 4803 1320 4869 στήθεσφι
1335 4803 1421 4856 Hom.
