<?xml version="1.0" encoding="UTF-8"?>
<!DOCTYPE html PUBLIC "-//W3C//DTD XHTML 1.0 Transitional//EN"
    "http://www.w3.org/TR/xhtml1/DTD/xhtml1-transitional.dtd">
<html xmlns="http://www.w3.org/1999/xhtml" xml:lang="en" lang="en">
 <head>
  <title>
</title>
<meta http-equiv="Content-Type" content="text/html;charset=utf-8" />
  <meta name='ocr-system' content='tesseract 3.04.00' />
  <meta name='ocr-capabilities' content='ocr_page ocr_carea ocr_par ocr_line ocrx_word'/>
</head>
<body>
  <div class='ocr_page' id='page_1' title='image "./hermiaealexandr00couvgoog_0286.png"; bbox 0 0 3604 5690; ppageno 0'>
   <div class='ocr_carea' id='block_1_1' title="bbox 445 584 1328 658">
    <p class='ocr_par' dir='ltr' id='par_1_1' title="bbox 445 584 1328 658">
     <span class='ocr_line' id='line_1_1' title="bbox 445 584 1328 658; baseline 0.008 -16"><span class='ocrx_word' id='word_1_1' title='bbox 445 585 501 642; x_wconf 78' lang='grc' dir='ltr'>ΕΙΣ</span> <span class='ocrx_word' id='word_1_2' title='bbox 522 593 583 642; x_wconf 78' lang='lat' dir='ltr'>TON</span> <span class='ocrx_word' id='word_1_3' title='bbox 607 585 783 643; x_wconf 57' lang='lat' dir='ltr'><strong>nmmos</strong></span> <span class='ocrx_word' id='word_1_4' title='bbox 806 584 947 644; x_wconf 54' lang='lat' dir='ltr'>‘mmmm&#39;</span> <span class='ocrx_word' id='word_1_5' title='bbox 971 587 1093 645; x_wconf 68' lang='lat' dir='ltr'>SonlA</span> <span class='ocrx_word' id='word_1_6' title='bbox 1283 601 1328 658; x_wconf 78' lang='lat'>211</span> 
     </span>
    </p>
   </div>
   <div class='ocr_carea' id='block_1_2' title="bbox 114 742 1334 1810">
    <p class='ocr_par' dir='ltr' id='par_1_2' title="bbox 122 742 1333 1122">
     <span class='ocr_line' id='line_1_2' title="bbox 122 742 1330 826; baseline 0.001 -25"><span class='ocrx_word' id='word_1_7' title='bbox 122 751 178 816; x_wconf 75' lang='lat'>[176]</span> <span class='ocrx_word' id='word_1_8' title='bbox 207 749 254 800; x_wconf 75' lang='grc' dir='ltr'>τοῦ</span> <span class='ocrx_word' id='word_1_9' title='bbox 267 743 351 801; x_wconf 80' lang='grc' dir='ltr'>τόπου</span> <span class='ocrx_word' id='word_1_10' title='bbox 362 742 462 824; x_wconf 78' lang='grc' dir='ltr'>γλυκὺς</span> <span class='ocrx_word' id='word_1_11' title='bbox 477 747 491 801; x_wconf 99' lang='lat'>6</span> <span class='ocrx_word' id='word_1_12' title='bbox 505 745 599 810; x_wconf 74' lang='grc' dir='ltr'>τόπος.</span> <span class='ocrx_word' id='word_1_13' title='bbox 617 743 676 802; x_wconf 84' lang='grc' dir='ltr'>Ὠδε</span> <span class='ocrx_word' id='word_1_14' title='bbox 692 743 738 802; x_wconf 84' lang='grc' dir='ltr'>οὖν</span> <span class='ocrx_word' id='word_1_15' title='bbox 753 745 867 802; x_wconf 74' lang='grc' dir='ltr'>κατὰτὸ</span> <span class='ocrx_word' id='word_1_16' title='bbox 882 743 1000 802; x_wconf 84' lang='grc' dir='ltr'>ἐναντίον</span> <span class='ocrx_word' id='word_1_17' title='bbox 1014 755 1062 818; x_wconf 69' lang='grc' dir='ltr'>τῆς</span> <span class='ocrx_word' id='word_1_18' title='bbox 1075 746 1224 826; x_wconf 75' lang='grc' dir='ltr'>παροιμίας</span> <span class='ocrx_word' id='word_1_19' title='bbox 1238 747 1284 802; x_wconf 85' lang='grc' dir='ltr'>καί</span> <span class='ocrx_word' id='word_1_20' title='bbox 1299 747 1330 803; x_wconf 83' lang='grc' dir='ltr'>τὸ</span> 
     </span>
     <span class='ocr_line' id='line_1_3' title="bbox 207 839 1333 924; baseline 0.001 -26"><span class='ocrx_word' id='word_1_21' title='bbox 207 842 340 900; x_wconf 77' lang='grc' dir='ltr'>ἀνάπαλιν</span> <span class='ocrx_word' id='word_1_22' title='bbox 357 839 472 924; x_wconf 81' lang='grc' dir='ltr'>είρηται·</span> <span class='ocrx_word' id='word_1_23' title='bbox 488 842 574 901; x_wconf 88' lang='grc' dir='ltr'>καλὸν</span> <span class='ocrx_word' id='word_1_24' title='bbox 588 843 638 922; x_wconf 78' lang='grc' dir='ltr'>γάρ</span> <span class='ocrx_word' id='word_1_25' title='bbox 650 841 680 899; x_wconf 91' lang='grc' dir='ltr'>θν</span> <span class='ocrx_word' id='word_1_26' title='bbox 693 844 724 900; x_wconf 87' lang='grc' dir='ltr'>τὸ</span> <span class='ocrx_word' id='word_1_27' title='bbox 740 842 921 922; x_wconf 75' lang='grc' dir='ltr'>λογογραφεῖν</span> <span class='ocrx_word' id='word_1_28' title='bbox 934 843 1045 923; x_wconf 65' lang='grc' dir='ltr'>αίσγρθν</span> <span class='ocrx_word' id='word_1_29' title='bbox 1059 841 1176 922; x_wconf 82' lang='grc' dir='ltr'>εἷ’ρηται.</span> <span class='ocrx_word' id='word_1_30' title='bbox 1195 843 1333 924; x_wconf 72' lang='grc' dir='ltr'>Παροιμίαι</span> 
     </span>
     <span class='ocr_line' id='line_1_4' title="bbox 208 939 1333 1023; baseline 0.001 -25"><span class='ocrx_word' id='word_1_31' title='bbox 208 939 253 998; x_wconf 73' lang='grc' dir='ltr'>οὖν</span> <span class='ocrx_word' id='word_1_32' title='bbox 270 939 375 1020; x_wconf 89' lang='grc' dir='ltr'>ε’ίρηται</span> <span class='ocrx_word' id='word_1_33' title='bbox 394 940 437 999; x_wconf 85' lang='grc' dir='ltr'>ἐπὶ</span> <span class='ocrx_word' id='word_1_34' title='bbox 455 947 510 1000; x_wconf 80' lang='grc' dir='ltr'>τῶν</span> <span class='ocrx_word' id='word_1_35' title='bbox 528 941 597 1000; x_wconf 77' lang='grc' dir='ltr'>κατὰ</span> <span class='ocrx_word' id='word_1_36' title='bbox 615 941 720 999; x_wconf 83' lang='grc' dir='ltr'>ἐναντία</span> <span class='ocrx_word' id='word_1_37' title='bbox 733 940 868 1020; x_wconf 81' lang='grc' dir='ltr'>λεγόντων</span> <span class='ocrx_word' id='word_1_38' title='bbox 884 942 923 997; x_wconf 82' lang='grc' dir='ltr'>ὧν</span> <span class='ocrx_word' id='word_1_39' title='bbox 939 941 1097 1019; x_wconf 81' lang='grc' dir='ltr'>βούλονται·</span> <span class='ocrx_word' id='word_1_40' title='bbox 1113 951 1162 1000; x_wconf 81' lang='grc' dir='ltr'>τοῦ</span> <span class='ocrx_word' id='word_1_41' title='bbox 1177 943 1229 1023; x_wconf 73' lang='grc' dir='ltr'>γάρ</span> <span class='ocrx_word' id='word_1_42' title='bbox 1248 942 1333 1020; x_wconf 78' lang='grc' dir='ltr'>λογο-</span> 
     </span>
     <span class='ocr_line' id='line_1_5' title="bbox 206 1036 1333 1122; baseline 0 -26"><span class='ocrx_word' id='word_1_43' title='bbox 206 1045 319 1118; x_wconf 83' lang='grc' dir='ltr'>γραφιῖν</span> <span class='ocrx_word' id='word_1_44' title='bbox 337 1037 433 1120; x_wconf 79' lang='grc' dir='ltr'>ἐρῶσι</span> <span class='ocrx_word' id='word_1_45' title='bbox 450 1039 497 1097; x_wconf 81' lang='grc' dir='ltr'>καὶ</span> <span class='ocrx_word' id='word_1_46' title='bbox 519 1036 664 1116; x_wconf 73' lang='grc' dir='ltr'>βούλονται</span> <span class='ocrx_word' id='word_1_47' title='bbox 682 1045 763 1097; x_wconf 82' lang='grc' dir='ltr'>τοῦτο</span> <span class='ocrx_word' id='word_1_48' title='bbox 777 1044 865 1096; x_wconf 81' lang='grc' dir='ltr'>ποιεῖν</span> <span class='ocrx_word' id='word_1_49' title='bbox 879 1039 925 1096; x_wconf 86' lang='grc' dir='ltr'>καί</span> <span class='ocrx_word' id='word_1_50' title='bbox 939 1037 1075 1099; x_wconf 85' lang='grc' dir='ltr'>ἐπαινετὸν</span> <span class='ocrx_word' id='word_1_51' title='bbox 1089 1039 1119 1096; x_wconf 82' lang='grc' dir='ltr'>ὃν</span> <span class='ocrx_word' id='word_1_52' title='bbox 1136 1040 1200 1098; x_wconf 81' lang='grc' dir='ltr'>αὐτὸ</span> <span class='ocrx_word' id='word_1_53' title='bbox 1219 1040 1333 1122; x_wconf 82' lang='grc' dir='ltr'>αἰσχρὸν</span> 
     </span>
    </p>

    <p class='ocr_par' dir='ltr' id='par_1_3' title="bbox 164 1135 1334 1220">
     <span class='ocr_line' id='line_1_6' title="bbox 164 1135 1334 1220; baseline 0.001 -27"><span class='ocrx_word' id='word_1_54' title='bbox 164 1145 178 1193; x_wconf 81' lang='grc'><strong>5</strong></span> <span class='ocrx_word' id='word_1_55' title='bbox 206 1135 314 1214; x_wconf 82' lang='grc' dir='ltr'>λέγουσι</span> <span class='ocrx_word' id='word_1_56' title='bbox 336 1138 382 1194; x_wconf 88' lang='grc' dir='ltr'>καὶ</span> <span class='ocrx_word' id='word_1_57' title='bbox 404 1137 501 1213; x_wconf 81' lang='grc' dir='ltr'>ψεκτὸν</span> <span class='ocrx_word' id='word_1_58' title='bbox 523 1137 575 1220; x_wconf 74' lang='grc' dir='ltr'>οὐχ</span> <span class='ocrx_word' id='word_1_59' title='bbox 595 1137 667 1195; x_wconf 81' lang='grc' dir='ltr'>οὕτω</span> <span class='ocrx_word' id='word_1_60' title='bbox 689 1135 865 1212; x_wconf 84' lang='grc' dir='ltr'>διακείμενοι.</span> <span class='ocrx_word' id='word_1_61' title='bbox 889 1135 923 1194; x_wconf 81' lang='grc' dir='ltr'>Ὃ</span> <span class='ocrx_word' id='word_1_62' title='bbox 943 1137 1015 1215; x_wconf 93' lang='grc' dir='ltr'>λέγει</span> <span class='ocrx_word' id='word_1_63' title='bbox 1034 1137 1080 1195; x_wconf 78' lang='grc' dir='ltr'>οὖν</span> <span class='ocrx_word' id='word_1_64' title='bbox 1099 1146 1180 1196; x_wconf 76' lang='grc' dir='ltr'>τοῦτο</span> <span class='ocrx_word' id='word_1_65' title='bbox 1202 1136 1271 1196; x_wconf 86' lang='grc' dir='ltr'>ἐστιν</span> <span class='ocrx_word' id='word_1_66' title='bbox 1292 1139 1334 1195; x_wconf 80' lang='grc' dir='ltr'>δτι</span> 
     </span>
    </p>

    <p class='ocr_par' dir='ltr' id='par_1_4' title="bbox 207 1233 1332 1317">
     <span class='ocr_line' id='line_1_7' title="bbox 207 1233 1332 1317; baseline 0.002 -25"><span class='ocrx_word' id='word_1_67' title='bbox 207 1235 298 1314; x_wconf 78' lang='grc' dir='ltr'>ὥσπερ</span> <span class='ocrx_word' id='word_1_68' title='bbox 310 1233 395 1294; x_wconf 82' lang='grc' dir='ltr'>ἐκεῖνο</span> <span class='ocrx_word' id='word_1_69' title='bbox 412 1235 536 1309; x_wconf 88' lang='grc' dir='ltr'>λέληθι</span> <span class='ocrx_word' id='word_1_70' title='bbox 549 1235 631 1294; x_wconf 78' lang='grc' dir='ltr'>πόθεν</span> <span class='ocrx_word' id='word_1_71' title='bbox 647 1233 751 1307; x_wconf 88' lang='grc' dir='ltr'>ἐκλήθη</span> <span class='ocrx_word' id='word_1_72' title='bbox 764 1233 866 1314; x_wconf 69' lang='grc' dir='ltr'>γλυκὺς</span> <span class='ocrx_word' id='word_1_73' title='bbox 880 1234 971 1314; x_wconf 70' lang='grc' dir='ltr'>ἀγκὼν</span> <span class='ocrx_word' id='word_1_74' title='bbox 985 1234 1119 1317; x_wconf 53' lang='grc' dir='ltr'>δυσχερὴς</span> <span class='ocrx_word' id='word_1_75' title='bbox 1133 1235 1170 1294; x_wconf 80' lang='grc' dir='ltr'>ὢν</span> <span class='ocrx_word' id='word_1_76' title='bbox 1181 1237 1226 1294; x_wconf 87' lang='grc' dir='ltr'>καί</span> <span class='ocrx_word' id='word_1_77' title='bbox 1237 1237 1332 1316; x_wconf 83' lang='grc' dir='ltr'>πικρὸς</span> 
     </span>
    </p>

    <p class='ocr_par' dir='ltr' id='par_1_5' title="bbox 208 1331 1333 1416">
     <span class='ocr_line' id='line_1_8' title="bbox 208 1331 1333 1416; baseline 0.003 -28"><span class='ocrx_word' id='word_1_78' title='bbox 208 1334 222 1388; x_wconf 97' lang='lat'>6</span> <span class='ocrx_word' id='word_1_79' title='bbox 235 1333 331 1407; x_wconf 81' lang='grc' dir='ltr'>τόπος,</span> <span class='ocrx_word' id='word_1_80' title='bbox 348 1333 421 1391; x_wconf 74' lang='grc' dir='ltr'>οὕτω</span> <span class='ocrx_word' id='word_1_81' title='bbox 435 1333 481 1392; x_wconf 82' lang='grc' dir='ltr'>καί</span> <span class='ocrx_word' id='word_1_82' title='bbox 496 1339 575 1392; x_wconf 74' lang='grc' dir='ltr'>τυῦτο</span> <span class='ocrx_word' id='word_1_83' title='bbox 591 1332 706 1408; x_wconf 85' lang='grc' dir='ltr'>λέληθεν</span> <span class='ocrx_word' id='word_1_84' title='bbox 720 1333 761 1390; x_wconf 81' lang='grc' dir='ltr'>ὅτι</span> <span class='ocrx_word' id='word_1_85' title='bbox 776 1334 888 1414; x_wconf 81' lang='grc' dir='ltr'>αἰσχρὸν</span> <span class='ocrx_word' id='word_1_86' title='bbox 903 1331 1005 1406; x_wconf 88' lang='grc' dir='ltr'>ἐκλήθη</span> <span class='ocrx_word' id='word_1_87' title='bbox 1020 1335 1050 1391; x_wconf 84' lang='grc' dir='ltr'>τὸ</span> <span class='ocrx_word' id='word_1_88' title='bbox 1063 1333 1242 1416; x_wconf 73' lang='grc' dir='ltr'>λογογραφεῖν</span> <span class='ocrx_word' id='word_1_89' title='bbox 1258 1335 1333 1394; x_wconf 84' lang='grc' dir='ltr'>ἐπαι-</span> 
     </span>
    </p>

    <p class='ocr_par' dir='ltr' id='par_1_6' title="bbox 208 1430 1334 1512">
     <span class='ocr_line' id='line_1_9' title="bbox 208 1430 1334 1512; baseline 0.004 -27"><span class='ocrx_word' id='word_1_90' title='bbox 208 1431 282 1488; x_wconf 79' lang='grc' dir='ltr'>νετὸν</span> <span class='ocrx_word' id='word_1_91' title='bbox 305 1431 337 1489; x_wconf 80' lang='grc' dir='ltr'>ὃν</span> <span class='ocrx_word' id='word_1_92' title='bbox 359 1433 403 1489; x_wconf 88' lang='grc' dir='ltr'>καί</span> <span class='ocrx_word' id='word_1_93' title='bbox 425 1430 521 1494; x_wconf 83' lang='grc' dir='ltr'>καλόν.</span> <span class='ocrx_word' id='word_1_94' title='bbox 542 1467 581 1477; x_wconf 89' lang='lat'>-</span> <span class='ocrx_word' id='word_1_95' title='bbox 602 1433 661 1490; x_wconf 76' lang='grc' dir='ltr'>Καί</span> <span class='ocrx_word' id='word_1_96' title='bbox 685 1433 765 1512; x_wconf 88' lang='grc' dir='ltr'>πρὸς</span> <span class='ocrx_word' id='word_1_97' title='bbox 791 1438 834 1510; x_wconf 84' lang='grc' dir='ltr'>τῷ</span> <span class='ocrx_word' id='word_1_98' title='bbox 858 1431 983 1510; x_wconf 82' lang='grc' dir='ltr'>ἀγκῶνι</span> <span class='ocrx_word' id='word_1_99' title='bbox 1008 1430 1164 1493; x_wconf 85' lang='grc' dir='ltr'>λανθάνει</span> <span class='ocrx_word' id='word_1_100' title='bbox 1187 1457 1230 1492; x_wconf 88' lang='grc' dir='ltr'>σε·</span> <span class='ocrx_word' id='word_1_101' title='bbox 1253 1435 1298 1491; x_wconf 87' lang='grc' dir='ltr'>καί</span> <span class='ocrx_word' id='word_1_102' title='bbox 1320 1435 1334 1490; x_wconf 94' lang='lat'>6</span> 
     </span>
    </p>

    <p class='ocr_par' dir='ltr' id='par_1_7' title="bbox 114 1526 1334 1612">
     <span class='ocr_line' id='line_1_10' title="bbox 114 1526 1334 1612; baseline 0.004 -29"><span class='ocrx_word' id='word_1_103' title='bbox 114 1533 161 1584; x_wconf 74' lang='lat'>1⁰74</span> <span class='ocrx_word' id='word_1_104' title='bbox 169 1541 196 1584; x_wconf 83' lang='lat' dir='ltr'>v·</span> <span class='ocrx_word' id='word_1_105' title='bbox 208 1529 322 1587; x_wconf 81' lang='grc' dir='ltr'>Πλάτων</span> <span class='ocrx_word' id='word_1_106' title='bbox 337 1531 391 1610; x_wconf 78' lang='grc' dir='ltr'>γὰρ</span> <span class='ocrx_word' id='word_1_107' title='bbox 410 1526 526 1598; x_wconf 75' lang='grc' dir='ltr'>ἐνδόξως</span> <span class='ocrx_word' id='word_1_108' title='bbox 546 1530 678 1612; x_wconf 80' lang='grc' dir='ltr'>ἐπιχειρεῖ</span> <span class='ocrx_word' id='word_1_109' title='bbox 697 1526 836 1597; x_wconf 76' lang='grc' dir='ltr'>ἀποδεῖξαι</span> <span class='ocrx_word' id='word_1_110' title='bbox 855 1532 859 1609; x_wconf 89' lang='grc' dir='ltr'>Ι</span> <span class='ocrx_word' id='word_1_111' title='bbox 878 1531 920 1587; x_wconf 79' lang='grc' dir='ltr'>ὅτι</span> <span class='ocrx_word' id='word_1_112' title='bbox 933 1531 965 1588; x_wconf 80' lang='grc' dir='ltr'>οὗ</span> <span class='ocrx_word' id='word_1_113' title='bbox 984 1532 1069 1588; x_wconf 80' lang='grc' dir='ltr'>κακόν</span> <span class='ocrx_word' id='word_1_114' title='bbox 1084 1530 1138 1590; x_wconf 87' lang='grc' dir='ltr'>ἐστι</span> <span class='ocrx_word' id='word_1_115' title='bbox 1154 1532 1184 1589; x_wconf 86' lang='grc' dir='ltr'>τὸ</span> <span class='ocrx_word' id='word_1_116' title='bbox 1200 1529 1334 1612; x_wconf 88' lang='grc' dir='ltr'>λογογρα-</span> 
     </span>
    </p>

    <p class='ocr_par' dir='ltr' id='par_1_8' title="bbox 151 1615 1333 1810">
     <span class='ocr_line' id='line_1_11' title="bbox 151 1615 1333 1711; baseline 0.003 -28"><span class='ocrx_word' id='word_1_117' title='bbox 151 1635 179 1684; x_wconf 87' lang='lat'>1⁰</span> <span class='ocrx_word' id='word_1_118' title='bbox 209 1635 278 1710; x_wconf 84' lang='grc' dir='ltr'>φεῖν,</span> <span class='ocrx_word' id='word_1_119' title='bbox 296 1629 342 1685; x_wconf 82' lang='grc' dir='ltr'>καί</span> <span class='ocrx_word' id='word_1_120' title='bbox 361 1615 583 1709; x_wconf 82' lang='grc' dir='ltr'>ἀντιπαρατίθησι</span> <span class='ocrx_word' id='word_1_121' title='bbox 600 1630 645 1686; x_wconf 80' lang='grc' dir='ltr'>καὶ</span> <span class='ocrx_word' id='word_1_122' title='bbox 665 1628 761 1694; x_wconf 75' lang='grc' dir='ltr'>αὐτοὺς</span> <span class='ocrx_word' id='word_1_123' title='bbox 781 1628 841 1694; x_wconf 74' lang='grc' dir='ltr'>τοὺς</span> <span class='ocrx_word' id='word_1_124' title='bbox 859 1627 1101 1707; x_wconf 84' lang='grc' dir='ltr'>μεγαλοδυνάμους</span> <span class='ocrx_word' id='word_1_125' title='bbox 1121 1632 1166 1688; x_wconf 85' lang='grc' dir='ltr'>καί</span> <span class='ocrx_word' id='word_1_126' title='bbox 1179 1629 1333 1711; x_wconf 79' lang='grc' dir='ltr'>γράψαντας</span> 
     </span>
     <span class='ocr_line' id='line_1_12' title="bbox 209 1714 1195 1810; baseline 0.001 -26"><span class='ocrx_word' id='word_1_127' title='bbox 209 1727 252 1785; x_wconf 79' lang='grc' dir='ltr'>καὶ</span> <span class='ocrx_word' id='word_1_128' title='bbox 266 1728 367 1803; x_wconf 85' lang='grc' dir='ltr'>νόμους</span> <span class='ocrx_word' id='word_1_129' title='bbox 383 1728 428 1784; x_wconf 80' lang='grc' dir='ltr'>καί</span> <span class='ocrx_word' id='word_1_130' title='bbox 444 1728 605 1810; x_wconf 86' lang='grc' dir='ltr'>ψηφίσματα</span> <span class='ocrx_word' id='word_1_131' title='bbox 618 1729 664 1786; x_wconf 85' lang='grc' dir='ltr'>καί</span> <span class='ocrx_word' id='word_1_132' title='bbox 678 1729 711 1785; x_wconf 80' lang='grc' dir='ltr'>τὰ</span> <span class='ocrx_word' id='word_1_133' title='bbox 724 1733 846 1788; x_wconf 77' lang='grc' dir='ltr'>τοιαῦτα.</span> <span class='ocrx_word' id='word_1_134' title='bbox 1189 1714 1195 1729; x_wconf 68' lang='grc'>’</span> 
     </span>
    </p>
   </div>
   <div class='ocr_carea' id='block_1_3' title="bbox 248 1881 1074 1964">
    <p class='ocr_par' dir='ltr' id='par_1_9' title="bbox 248 1881 1074 1964">
     <span class='ocr_line' id='line_1_13' title="bbox 248 1881 1074 1964; baseline 0.006 -26"><span class='ocrx_word' id='word_1_135' title='bbox 248 1881 299 1961; x_wconf 72' lang='grc' dir='ltr'>ρξ’.</span> <span class='ocrx_word' id='word_1_136' title='bbox 323 1881 360 1938; x_wconf 77' lang='lat'>0¹6</span> <span class='ocrx_word' id='word_1_137' title='bbox 379 1883 483 1960; x_wconf 85' lang='grc' dir='ltr'>γεκαὶ</span> <span class='ocrx_word' id='word_1_138' title='bbox 505 1881 638 1940; x_wconf 88' lang='grc' dir='ltr'>ἐπειδάν</span> <span class='ocrx_word' id='word_1_139' title='bbox 658 1905 732 1940; x_wconf 87' lang='grc' dir='ltr'>τινα</span> <span class='ocrx_word' id='word_1_140' title='bbox 752 1881 932 1964; x_wconf 81' lang='grc' dir='ltr'>γράψωσιν]</span> <span class='ocrx_word' id='word_1_141' title='bbox 956 1885 1013 1943; x_wconf 83' lang='grc'><strong>257</strong></span> <span class='ocrx_word' id='word_1_142' title='bbox 1037 1881 1074 1948; x_wconf 89' lang='grc' dir='ltr'>Ε.</span> 
     </span>
    </p>
   </div>
   <div class='ocr_carea' id='block_1_4' title="bbox 150 2025 1351 2398">
    <p class='ocr_par' dir='ltr' id='par_1_10' title="bbox 248 2025 1351 2106">
     <span class='ocr_line' id='line_1_14' title="bbox 248 2025 1351 2106; baseline 0.004 -24"><span class='ocrx_word' id='word_1_143' title='bbox 248 2025 353 2091; x_wconf 75' lang='grc' dir='ltr'>θ’ίτινες</span> <span class='ocrx_word' id='word_1_144' title='bbox 371 2025 442 2082; x_wconf 78' lang='grc' dir='ltr'>οὕτω</span> <span class='ocrx_word' id='word_1_145' title='bbox 459 2027 633 2106; x_wconf 81' lang='grc' dir='ltr'>βρενθύονιαι</span> <span class='ocrx_word' id='word_1_146' title='bbox 646 2028 692 2083; x_wconf 81' lang='grc' dir='ltr'>καὶ</span> <span class='ocrx_word' id='word_1_147' title='bbox 707 2027 745 2092; x_wconf 84' lang='grc' dir='ltr'>ὡς</span> <span class='ocrx_word' id='word_1_148' title='bbox 763 2026 806 2084; x_wconf 78' lang='grc' dir='ltr'>ἐπὶ</span> <span class='ocrx_word' id='word_1_149' title='bbox 819 2025 898 2102; x_wconf 83' lang='grc' dir='ltr'>καλῷ</span> <span class='ocrx_word' id='word_1_150' title='bbox 913 2034 952 2103; x_wconf 81' lang='grc' dir='ltr'>τῷ</span> <span class='ocrx_word' id='word_1_151' title='bbox 967 2030 1101 2105; x_wconf 76' lang='grc' dir='ltr'>ποιήματι</span> <span class='ocrx_word' id='word_1_152' title='bbox 1114 2028 1351 2098; x_wconf 67' lang='grc' dir='ltr'>καλλωπίζονται</span> 
     </span>
    </p>

    <p class='ocr_par' dir='ltr' id='par_1_11' title="bbox 209 2121 1334 2203">
     <span class='ocr_line' id='line_1_15' title="bbox 209 2121 1334 2203; baseline 0.004 -23"><span class='ocrx_word' id='word_1_153' title='bbox 209 2123 278 2182; x_wconf 80' lang='grc' dir='ltr'>ὥστε</span> <span class='ocrx_word' id='word_1_154' title='bbox 300 2122 433 2202; x_wconf 87' lang='grc' dir='ltr'>λέγουσιν·</span> <span class='ocrx_word' id='word_1_155' title='bbox 459 2145 473 2178; x_wconf 88' lang='grc' dir='ltr'>ιι</span> <span class='ocrx_word' id='word_1_156' title='bbox 491 2121 583 2190; x_wconf 76' lang='grc' dir='ltr'>ἐδοξε</span> <span class='ocrx_word' id='word_1_157' title='bbox 605 2129 644 2200; x_wconf 72' lang='grc' dir='ltr'>τῇ</span> <span class='ocrx_word' id='word_1_158' title='bbox 666 2124 773 2203; x_wconf 81' lang='grc' dir='ltr'>βούλῃ</span> <span class='ocrx_word' id='word_1_159' title='bbox 795 2125 841 2183; x_wconf 88' lang='grc' dir='ltr'>καί</span> <span class='ocrx_word' id='word_1_160' title='bbox 864 2129 906 2203; x_wconf 78' lang='grc' dir='ltr'>τῷ</span> <span class='ocrx_word' id='word_1_161' title='bbox 931 2122 1023 2202; x_wconf 83' lang='grc' dir='ltr'>δήμῳ</span> <span class='ocrx_word' id='word_1_162' title='bbox 1045 2125 1123 2184; x_wconf 84' lang='grc' dir='ltr'>τόνδε</span> <span class='ocrx_word' id='word_1_163' title='bbox 1145 2127 1190 2185; x_wconf 85' lang='grc' dir='ltr'>τὸν</span> <span class='ocrx_word' id='word_1_164' title='bbox 1212 2129 1264 2186; x_wconf 79' lang='grc' dir='ltr'>ἀπὸ</span> <span class='ocrx_word' id='word_1_165' title='bbox 1286 2134 1334 2186; x_wconf 81' lang='grc' dir='ltr'>τοῦ</span> 
     </span>
    </p>

    <p class='ocr_par' dir='ltr' id='par_1_12' title="bbox 150 2219 1333 2398">
     <span class='ocr_line' id='line_1_16' title="bbox 150 2219 1333 2308; baseline 0.006 -29"><span class='ocrx_word' id='word_1_166' title='bbox 150 2223 178 2272; x_wconf 80' lang='lat'>15</span> <span class='ocrx_word' id='word_1_167' title='bbox 209 2219 299 2297; x_wconf 86' lang='grc' dir='ltr'>δήμου</span> <span class='ocrx_word' id='word_1_168' title='bbox 319 2220 398 2280; x_wconf 75' lang='grc' dir='ltr'>τοῦδε</span> <span class='ocrx_word' id='word_1_169' title='bbox 416 2222 446 2278; x_wconf 83' lang='grc' dir='ltr'>τὸ</span> <span class='ocrx_word' id='word_1_170' title='bbox 465 2223 510 2280; x_wconf 86' lang='grc' dir='ltr'>καί</span> <span class='ocrx_word' id='word_1_171' title='bbox 527 2223 557 2279; x_wconf 81' lang='grc' dir='ltr'>τὸ</span> <span class='ocrx_word' id='word_1_172' title='bbox 577 2231 700 2294; x_wconf 85' lang='grc' dir='ltr'>ποιῆσαι,</span> <span class='ocrx_word' id='word_1_173' title='bbox 718 2247 733 2278; x_wconf 82' lang='grc' dir='ltr'>ο</span> <span class='ocrx_word' id='word_1_174' title='bbox 753 2225 799 2280; x_wconf 85' lang='grc' dir='ltr'>καὶ</span> <span class='ocrx_word' id='word_1_175' title='bbox 817 2224 927 2290; x_wconf 81' lang='grc' dir='ltr'>ἐαυτοίις</span> <span class='ocrx_word' id='word_1_176' title='bbox 947 2224 1127 2306; x_wconf 75' lang='grc' dir='ltr'>ἐγγράφονται</span> <span class='ocrx_word' id='word_1_177' title='bbox 1145 2227 1189 2284; x_wconf 70' lang='grc' dir='ltr'>καίΙ</span> <span class='ocrx_word' id='word_1_178' title='bbox 1204 2229 1270 2308; x_wconf 88' lang='grc' dir='ltr'>πρὸς</span> <span class='ocrx_word' id='word_1_179' title='bbox 1285 2228 1333 2290; x_wconf 79' lang='grc' dir='ltr'>οδε</span> 
     </span>
     <span class='ocr_line' id='line_1_17' title="bbox 208 2317 554 2398; baseline 0.012 -22"><span class='ocrx_word' id='word_1_180' title='bbox 208 2327 347 2378; x_wconf 78' lang='grc' dir='ltr'>ποιοῦνται</span> <span class='ocrx_word' id='word_1_181' title='bbox 360 2319 424 2384; x_wconf 71' lang='grc' dir='ltr'>τοὺς</span> <span class='ocrx_word' id='word_1_182' title='bbox 442 2317 554 2398; x_wconf 78' lang='grc' dir='ltr'>λόγους.</span> 
     </span>
    </p>
   </div>
   <div class='ocr_carea' id='block_1_5' title="bbox 250 2471 739 2555">
    <p class='ocr_par' dir='ltr' id='par_1_13' title="bbox 250 2471 739 2555">
     <span class='ocr_line' id='line_1_18' title="bbox 250 2471 739 2555; baseline 0.002 -24"><span class='ocrx_word' id='word_1_183' title='bbox 250 2477 304 2555; x_wconf 80' lang='grc' dir='ltr'>ρη’.</span> <span class='ocrx_word' id='word_1_184' title='bbox 327 2475 387 2531; x_wconf 82' lang='grc' dir='ltr'>Τὸν</span> <span class='ocrx_word' id='word_1_185' title='bbox 409 2473 525 2531; x_wconf 79' lang='grc' dir='ltr'>ἐαυτὸν</span> <span class='ocrx_word' id='word_1_186' title='bbox 545 2471 595 2552; x_wconf 72' lang='grc' dir='ltr'>δή]</span> <span class='ocrx_word' id='word_1_187' title='bbox 621 2475 680 2532; x_wconf 86' lang='grc'><strong>258</strong></span> <span class='ocrx_word' id='word_1_188' title='bbox 702 2473 739 2532; x_wconf 85' lang='grc' dir='ltr'>Λ.</span> 
     </span>
    </p>
   </div>
   <div class='ocr_carea' id='block_1_6' title="bbox 209 2615 1332 2798">
    <p class='ocr_par' dir='ltr' id='par_1_14' title="bbox 209 2615 1332 2798">
     <span class='ocr_line' id='line_1_19' title="bbox 248 2615 1332 2698; baseline 0 -22"><span class='ocrx_word' id='word_1_189' title='bbox 248 2620 282 2676; x_wconf 73' lang='grc' dir='ltr'>Ῑὸ</span> <span class='ocrx_word' id='word_1_190' title='bbox 302 2619 357 2676; x_wconf 86' lang='grc' dir='ltr'>τὸν</span> <span class='ocrx_word' id='word_1_191' title='bbox 376 2619 527 2698; x_wconf 86' lang='grc' dir='ltr'>προσέθηκε</span> <span class='ocrx_word' id='word_1_192' title='bbox 539 2615 624 2674; x_wconf 79' lang='grc' dir='ltr'>διὰτὸ</span> <span class='ocrx_word' id='word_1_193' title='bbox 638 2618 706 2696; x_wconf 89' lang='grc' dir='ltr'>μέγα</span> <span class='ocrx_word' id='word_1_194' title='bbox 718 2623 825 2697; x_wconf 80' lang='grc' dir='ltr'>φρονεῖν</span> <span class='ocrx_word' id='word_1_195' title='bbox 841 2617 945 2683; x_wconf 71' lang='grc' dir='ltr'>αὐτοῖς.</span> <span class='ocrx_word' id='word_1_196' title='bbox 963 2653 1002 2666; x_wconf 86' lang='lat'>-</span> <span class='ocrx_word' id='word_1_197' title='bbox 1015 2619 1050 2676; x_wconf 83' lang='grc' dir='ltr'>Τὸ</span> <span class='ocrx_word' id='word_1_198' title='bbox 1065 2617 1094 2676; x_wconf 88' lang='grc' dir='ltr'>δέ</span> <span class='ocrx_word' id='word_1_199' title='bbox 1109 2619 1236 2695; x_wconf 84' lang='grc' dir='ltr'>ἐμμένη</span> <span class='ocrx_word' id='word_1_200' title='bbox 1255 2641 1332 2676; x_wconf 89' lang='grc' dir='ltr'>τουτ-</span> 
     </span>
     <span class='ocr_line' id='line_1_20' title="bbox 209 2711 783 2798; baseline -0.007 -23"><span class='ocrx_word' id='word_1_201' title='bbox 209 2719 265 2776; x_wconf 86' lang='grc' dir='ltr'>έστι</span> <span class='ocrx_word' id='word_1_202' title='bbox 280 2715 368 2798; x_wconf 72' lang='grc' dir='ltr'>δεχθῇ</span> <span class='ocrx_word' id='word_1_203' title='bbox 382 2717 429 2774; x_wconf 85' lang='grc' dir='ltr'>καὶ</span> <span class='ocrx_word' id='word_1_204' title='bbox 445 2717 483 2790; x_wconf 80' lang='grc' dir='ltr'>μὴ</span> <span class='ocrx_word' id='word_1_205' title='bbox 500 2711 623 2791; x_wconf 75' lang='grc' dir='ltr'>ἐκθληθῄ</span> <span class='ocrx_word' id='word_1_206' title='bbox 639 2717 653 2772; x_wconf 88' lang='lat'>6</span> <span class='ocrx_word' id='word_1_207' title='bbox 667 2713 756 2794; x_wconf 81' lang='grc' dir='ltr'>λόγος.</span> <span class='ocrx_word' id='word_1_208' title='bbox 777 2714 783 2792; x_wconf 77' lang='grc'>1</span> 
     </span>
    </p>
   </div>
   <div class='ocr_carea' id='block_1_7' title="bbox 117 2865 800 2948">
    <p class='ocr_par' dir='ltr' id='par_1_15' title="bbox 117 2865 800 2948">
     <span class='ocr_line' id='line_1_21' title="bbox 117 2865 800 2948; baseline 0 -24"><span class='ocrx_word' id='word_1_209' title='bbox 117 2873 185 2936; x_wconf 81' lang='grc' dir='ltr'>ρ.177</span> <span class='ocrx_word' id='word_1_210' title='bbox 253 2871 303 2948; x_wconf 86' lang='grc' dir='ltr'>ρθ’.</span> <span class='ocrx_word' id='word_1_211' title='bbox 326 2865 363 2924; x_wconf 88' lang='grc' dir='ltr'>Τί</span> <span class='ocrx_word' id='word_1_212' title='bbox 384 2865 412 2924; x_wconf 88' lang='grc' dir='ltr'>δ’</span> <span class='ocrx_word' id='word_1_213' title='bbox 433 2867 509 2925; x_wconf 80' lang='grc' dir='ltr'>ὅταν</span> <span class='ocrx_word' id='word_1_214' title='bbox 532 2865 660 2948; x_wconf 80' lang='grc' dir='ltr'>Ιικανὸς]</span> <span class='ocrx_word' id='word_1_215' title='bbox 683 2867 742 2926; x_wconf 84' lang='grc'><strong>258</strong></span> <span class='ocrx_word' id='word_1_216' title='bbox 763 2865 800 2925; x_wconf 92' lang='grc' dir='ltr'>Β.</span> 
     </span>
    </p>
   </div>
   <div class='ocr_carea' id='block_1_8' title="bbox 153 3009 1337 3677">
    <p class='ocr_par' dir='ltr' id='par_1_16' title="bbox 210 3009 1335 3386">
     <span class='ocr_line' id='line_1_22' title="bbox 251 3009 1335 3089; baseline 0 -20"><span class='ocrx_word' id='word_1_217' title='bbox 251 3009 358 3083; x_wconf 80' lang='grc' dir='ltr'>Ἐπειδὴ</span> <span class='ocrx_word' id='word_1_218' title='bbox 378 3009 481 3077; x_wconf 86' lang='grc' dir='ltr'>ἐκεῖνος</span> <span class='ocrx_word' id='word_1_219' title='bbox 499 3011 574 3070; x_wconf 83' lang='grc' dir='ltr'>εἶπεν</span> <span class='ocrx_word' id='word_1_220' title='bbox 590 3011 617 3068; x_wconf 87' lang='grc' dir='ltr'>έν</span> <span class='ocrx_word' id='word_1_221' title='bbox 633 3016 667 3087; x_wconf 75' lang='grc' dir='ltr'>τῇ</span> <span class='ocrx_word' id='word_1_222' title='bbox 684 3009 764 3068; x_wconf 86' lang='grc' dir='ltr'>πόλει</span> <span class='ocrx_word' id='word_1_223' title='bbox 779 3009 849 3089; x_wconf 82' lang='grc' dir='ltr'>μέγα</span> <span class='ocrx_word' id='word_1_224' title='bbox 864 3009 1023 3084; x_wconf 74' lang='grc' dir='ltr'>δυνηθέντας</span> <span class='ocrx_word' id='word_1_225' title='bbox 1038 3013 1111 3076; x_wconf 77' lang='grc' dir='ltr'>τινάς</span> <span class='ocrx_word' id='word_1_226' title='bbox 1127 3013 1276 3086; x_wconf 83' lang='grc' dir='ltr'>&lt;εἶναι&gt;</span> <span class='ocrx_word' id='word_1_227' title='bbox 1294 3013 1335 3070; x_wconf 83' lang='grc' dir='ltr'>υί-</span> 
     </span>
     <span class='ocr_line' id='line_1_23' title="bbox 210 3107 1333 3191; baseline 0 -23"><span class='ocrx_word' id='word_1_228' title='bbox 210 3133 280 3175; x_wconf 82' lang='grc' dir='ltr'>τινες</span> <span class='ocrx_word' id='word_1_229' title='bbox 295 3107 407 3191; x_wconf 75' lang='grc' dir='ltr'>ἔφευγον</span> <span class='ocrx_word' id='word_1_230' title='bbox 418 3109 448 3166; x_wconf 84' lang='grc' dir='ltr'>τὸ</span> <span class='ocrx_word' id='word_1_231' title='bbox 464 3107 656 3189; x_wconf 80' lang='grc' dir='ltr'>λογογραφεῖν,</span> <span class='ocrx_word' id='word_1_232' title='bbox 673 3107 716 3165; x_wconf 74' lang='grc' dir='ltr'>διὰ</span> <span class='ocrx_word' id='word_1_233' title='bbox 730 3113 808 3165; x_wconf 76' lang='grc' dir='ltr'>τοῦτο</span> <span class='ocrx_word' id='word_1_234' title='bbox 821 3111 867 3166; x_wconf 80' lang='grc' dir='ltr'>καὶ</span> <span class='ocrx_word' id='word_1_235' title='bbox 879 3111 956 3175; x_wconf 73' lang='grc' dir='ltr'>οὗτος</span> <span class='ocrx_word' id='word_1_236' title='bbox 969 3109 1191 3190; x_wconf 79' lang='grc' dir='ltr'>ἀντιπαρατίθησι</span> <span class='ocrx_word' id='word_1_237' title='bbox 1205 3110 1333 3175; x_wconf 74' lang='grc' dir='ltr'>δυνατούς</span> 
     </span>
     <span class='ocr_line' id='line_1_24' title="bbox 210 3205 1334 3287; baseline -0.001 -20"><span class='ocrx_word' id='word_1_238' title='bbox 210 3231 284 3274; x_wconf 85' lang='grc' dir='ltr'>τινας</span> <span class='ocrx_word' id='word_1_239' title='bbox 305 3206 426 3287; x_wconf 82' lang='grc' dir='ltr'>βασιλεῖς</span> <span class='ocrx_word' id='word_1_240' title='bbox 446 3207 595 3281; x_wconf 84' lang='grc' dir='ltr'>νομοθέτας</span> <span class='ocrx_word' id='word_1_241' title='bbox 615 3205 857 3285; x_wconf 85' lang='grc' dir='ltr'>συγγράμματα</span> <span class='ocrx_word' id='word_1_242' title='bbox 878 3208 1000 3264; x_wconf 82' lang='grc' dir='ltr'>ἐαυτιῖιν</span> <span class='ocrx_word' id='word_1_243' title='bbox 1019 3207 1223 3273; x_wconf 78' lang='grc' dir='ltr'>καταλιπόντας.</span> <span class='ocrx_word' id='word_1_244' title='bbox 1243 3211 1334 3267; x_wconf 83' lang='grc' dir='ltr'>-Τὸ</span> 
     </span>
     <span class='ocr_line' id='line_1_25' title="bbox 212 3301 1335 3386; baseline 0 -22"><span class='ocrx_word' id='word_1_245' title='bbox 212 3306 242 3364; x_wconf 89' lang='grc' dir='ltr'>δέ</span> <span class='ocrx_word' id='word_1_246' title='bbox 260 3311 324 3364; x_wconf 81' lang='grc' dir='ltr'>τῶν</span> <span class='ocrx_word' id='word_1_247' title='bbox 342 3304 513 3363; x_wconf 72' lang='grc' dir='ltr'>τοιοθτων·</span> <span class='ocrx_word' id='word_1_248' title='bbox 534 3303 564 3362; x_wconf 87' lang='grc' dir='ltr'>τὸ</span> <span class='ocrx_word' id='word_1_249' title='bbox 578 3302 772 3382; x_wconf 67' lang='grc' dir='ltr'>λοιδορούντων</span> <span class='ocrx_word' id='word_1_250' title='bbox 787 3305 817 3359; x_wconf 82' lang='grc' dir='ltr'>τὸ</span> <span class='ocrx_word' id='word_1_251' title='bbox 832 3301 1022 3384; x_wconf 85' lang='grc' dir='ltr'>λογογραφεῖν.</span> <span class='ocrx_word' id='word_1_252' title='bbox 1038 3341 1076 3349; x_wconf 94' lang='grc'>-</span> <span class='ocrx_word' id='word_1_253' title='bbox 1092 3307 1143 3370; x_wconf 82' lang='grc' dir='ltr'>Τίς</span> <span class='ocrx_word' id='word_1_254' title='bbox 1159 3305 1214 3363; x_wconf 71' lang='grc' dir='ltr'>οὖν</span> <span class='ocrx_word' id='word_1_255' title='bbox 1232 3307 1246 3362; x_wconf 92' lang='lat'>6</span> <span class='ocrx_word' id='word_1_256' title='bbox 1266 3307 1335 3386; x_wconf 76' lang='grc' dir='ltr'>τρό-</span> 
     </span>
    </p>

    <p class='ocr_par' dir='ltr' id='par_1_17' title="bbox 153 3398 1337 3677">
     <span class='ocr_line' id='line_1_26' title="bbox 153 3398 1335 3482; baseline 0 -21"><span class='ocrx_word' id='word_1_257' title='bbox 153 3412 180 3461; x_wconf 79' lang='grc'><strong>25</strong></span> <span class='ocrx_word' id='word_1_258' title='bbox 211 3427 284 3469; x_wconf 91' lang='grc' dir='ltr'>πος.</span> <span class='ocrx_word' id='word_1_259' title='bbox 296 3450 320 3464; x_wconf 90' lang='grc'>..</span> <span class='ocrx_word' id='word_1_260' title='bbox 341 3404 372 3460; x_wconf 79' lang='grc' dir='ltr'>τὸ</span> <span class='ocrx_word' id='word_1_261' title='bbox 392 3403 452 3482; x_wconf 79' lang='grc' dir='ltr'>περὶ</span> <span class='ocrx_word' id='word_1_262' title='bbox 471 3409 521 3475; x_wconf 80' lang='grc' dir='ltr'>τῆς</span> <span class='ocrx_word' id='word_1_263' title='bbox 542 3401 689 3480; x_wconf 77' lang='grc' dir='ltr'>ῥητορικῆς</span> <span class='ocrx_word' id='word_1_264' title='bbox 709 3398 882 3479; x_wconf 86' lang='grc' dir='ltr'>διαλέγεσθαι</span> <span class='ocrx_word' id='word_1_265' title='bbox 901 3401 974 3460; x_wconf 75' lang='grc' dir='ltr'>ἀλλὰ</span> <span class='ocrx_word' id='word_1_266' title='bbox 991 3403 1036 3459; x_wconf 80' lang='grc' dir='ltr'>καί</span> <span class='ocrx_word' id='word_1_267' title='bbox 1054 3406 1115 3481; x_wconf 83' lang='grc' dir='ltr'>περὶ</span> <span class='ocrx_word' id='word_1_268' title='bbox 1128 3413 1274 3476; x_wconf 81' lang='grc' dir='ltr'>ποιητικῆς</span> <span class='ocrx_word' id='word_1_269' title='bbox 1289 3405 1335 3461; x_wconf 80' lang='grc' dir='ltr'>καὶ</span> 
     </span>
     <span class='ocr_line' id='line_1_27' title="bbox 213 3497 1335 3582; baseline -0.002 -24"><span class='ocrx_word' id='word_1_270' title='bbox 213 3501 307 3565; x_wconf 77' lang='grc' dir='ltr'>ἁπλῶς</span> <span class='ocrx_word' id='word_1_271' title='bbox 326 3501 452 3580; x_wconf 73' lang='grc' dir='ltr'>περὶτοῦ</span> <span class='ocrx_word' id='word_1_272' title='bbox 474 3499 574 3577; x_wconf 85' lang='grc' dir='ltr'>λέγειν·</span> <span class='ocrx_word' id='word_1_273' title='bbox 597 3501 642 3556; x_wconf 77' lang='grc' dir='ltr'>καί</span> <span class='ocrx_word' id='word_1_274' title='bbox 663 3498 752 3576; x_wconf 78' lang='grc' dir='ltr'>ἀνάγει</span> <span class='ocrx_word' id='word_1_275' title='bbox 772 3498 818 3557; x_wconf 87' lang='grc' dir='ltr'>τὸν</span> <span class='ocrx_word' id='word_1_276' title='bbox 838 3497 920 3576; x_wconf 86' lang='grc' dir='ltr'>λόγον</span> <span class='ocrx_word' id='word_1_277' title='bbox 942 3499 985 3558; x_wconf 82' lang='grc' dir='ltr'>ἐπὶ</span> <span class='ocrx_word' id='word_1_278' title='bbox 1003 3502 1051 3564; x_wconf 76' lang='grc' dir='ltr'>τας</span> <span class='ocrx_word' id='word_1_279' title='bbox 1072 3501 1168 3582; x_wconf 76' lang='grc' dir='ltr'>ἀρχὰς,</span> <span class='ocrx_word' id='word_1_280' title='bbox 1185 3500 1335 3582; x_wconf 76' lang='grc' dir='ltr'>φιλόσοφον</span> 
     </span>
     <span class='ocr_line' id='line_1_28' title="bbox 211 3597 1337 3677; baseline 0.001 -21"><span class='ocrx_word' id='word_1_281' title='bbox 211 3599 376 3674; x_wconf 76' lang='grc' dir='ltr'>ποιυάμευος</span> <span class='ocrx_word' id='word_1_282' title='bbox 395 3598 426 3654; x_wconf 84' lang='grc' dir='ltr'>τὸ</span> <span class='ocrx_word' id='word_1_283' title='bbox 448 3597 557 3672; x_wconf 82' lang='grc' dir='ltr'>σκέμμα</span> <span class='ocrx_word' id='word_1_284' title='bbox 575 3597 620 3654; x_wconf 80' lang='grc' dir='ltr'>καί</span> <span class='ocrx_word' id='word_1_285' title='bbox 641 3597 861 3672; x_wconf 70' lang='grc' dir='ltr'>ἐπιστημονικόν·</span> <span class='ocrx_word' id='word_1_286' title='bbox 883 3599 901 3668; x_wconf 75' lang='grc' dir='ltr'><strong>ἡ</strong></span> <span class='ocrx_word' id='word_1_287' title='bbox 921 3599 973 3677; x_wconf 79' lang='grc' dir='ltr'>γάρ</span> <span class='ocrx_word' id='word_1_288' title='bbox 992 3597 1130 3674; x_wconf 84' lang='grc' dir='ltr'>ἐπιστήμη</span> <span class='ocrx_word' id='word_1_289' title='bbox 1148 3606 1200 3656; x_wconf 81' lang='grc' dir='ltr'>τῶν</span> <span class='ocrx_word' id='word_1_290' title='bbox 1217 3599 1337 3657; x_wconf 77' lang='grc' dir='ltr'>καθόλου</span> 
     </span>
    </p>
   </div>
   <div class='ocr_carea' id='block_1_9' title="bbox 155 3690 1337 4072">
    <p class='ocr_par' dir='ltr' id='par_1_18' title="bbox 155 3690 1337 4072">
     <span class='ocr_line' id='line_1_29' title="bbox 212 3690 1337 3776; baseline 0.001 -22"><span class='ocrx_word' id='word_1_291' title='bbox 212 3697 278 3754; x_wconf 84' lang='grc' dir='ltr'>οὖσα</span> <span class='ocrx_word' id='word_1_292' title='bbox 295 3699 342 3752; x_wconf 79' lang='grc' dir='ltr'>καὶ</span> <span class='ocrx_word' id='word_1_293' title='bbox 361 3697 394 3754; x_wconf 81' lang='grc' dir='ltr'>τέ</span> <span class='ocrx_word' id='word_1_294' title='bbox 412 3696 479 3754; x_wconf 77' lang='grc' dir='ltr'>κατά</span> <span class='ocrx_word' id='word_1_295' title='bbox 499 3695 580 3774; x_wconf 84' lang='grc' dir='ltr'>μέρος</span> <span class='ocrx_word' id='word_1_296' title='bbox 599 3690 807 3774; x_wconf 79' lang='grc' dir='ltr'>περιλαμθάνει.</span> <span class='ocrx_word' id='word_1_297' title='bbox 830 3695 872 3760; x_wconf 82' lang='grc' dir='ltr'>Είς</span> <span class='ocrx_word' id='word_1_298' title='bbox 890 3694 980 3776; x_wconf 75' lang='grc' dir='ltr'>ἀρχὴν</span> <span class='ocrx_word' id='word_1_299' title='bbox 1000 3695 1047 3752; x_wconf 72' lang='grc' dir='ltr'>οὗν</span> <span class='ocrx_word' id='word_1_300' title='bbox 1066 3698 1111 3755; x_wconf 83' lang='grc' dir='ltr'>καὶ</span> <span class='ocrx_word' id='word_1_301' title='bbox 1132 3697 1221 3755; x_wconf 77' lang='grc' dir='ltr'>αἰτίαν</span> <span class='ocrx_word' id='word_1_302' title='bbox 1243 3699 1337 3776; x_wconf 82' lang='grc' dir='ltr'>ἐνάγει</span> 
     </span>
     <span class='ocr_line' id='line_1_30' title="bbox 211 3791 1336 3874; baseline -0.001 -21"><span class='ocrx_word' id='word_1_303' title='bbox 211 3796 299 3853; x_wconf 85' lang='grc' dir='ltr'>πάντα</span> <span class='ocrx_word' id='word_1_304' title='bbox 320 3797 367 3852; x_wconf 83' lang='grc' dir='ltr'>τὸν</span> <span class='ocrx_word' id='word_1_305' title='bbox 386 3792 471 3873; x_wconf 74' lang='grc' dir='ltr'>λόγον</span> <span class='ocrx_word' id='word_1_306' title='bbox 491 3793 557 3851; x_wconf 85' lang='grc' dir='ltr'>πότι</span> <span class='ocrx_word' id='word_1_307' title='bbox 580 3793 633 3850; x_wconf 89' lang='grc' dir='ltr'>ἐστι</span> <span class='ocrx_word' id='word_1_308' title='bbox 651 3791 743 3856; x_wconf 81' lang='grc' dir='ltr'>καλῶς</span> <span class='ocrx_word' id='word_1_309' title='bbox 762 3791 940 3873; x_wconf 82' lang='grc' dir='ltr'>λογογραφεῖν</span> <span class='ocrx_word' id='word_1_310' title='bbox 960 3795 1005 3850; x_wconf 67' lang='grc' dir='ltr'>καίΙ</span> <span class='ocrx_word' id='word_1_311' title='bbox 1024 3794 1124 3872; x_wconf 87' lang='grc' dir='ltr'>λέγειν.</span> <span class='ocrx_word' id='word_1_312' title='bbox 1141 3793 1175 3850; x_wconf 82' lang='lat'>”0</span> <span class='ocrx_word' id='word_1_313' title='bbox 1195 3793 1270 3874; x_wconf 85' lang='grc' dir='ltr'>λέγει</span> <span class='ocrx_word' id='word_1_314' title='bbox 1289 3795 1336 3853; x_wconf 72' lang='grc' dir='ltr'>οὖν</span> 
     </span>
     <span class='ocr_line' id='line_1_31' title="bbox 155 3888 1334 3975; baseline -0.002 -23"><span class='ocrx_word' id='word_1_315' title='bbox 155 3903 183 3952; x_wconf 82' lang='grc'>30</span> <span class='ocrx_word' id='word_1_316' title='bbox 212 3901 292 3951; x_wconf 74' lang='grc' dir='ltr'>τοῦτο</span> <span class='ocrx_word' id='word_1_317' title='bbox 307 3891 390 3966; x_wconf 84' lang='grc' dir='ltr'>ἐστιν,</span> <span class='ocrx_word' id='word_1_318' title='bbox 405 3893 446 3949; x_wconf 80' lang='grc' dir='ltr'>ὅτι</span> <span class='ocrx_word' id='word_1_319' title='bbox 457 3891 611 3966; x_wconf 74' lang='grc' dir='ltr'>ἐπιστήμην</span> <span class='ocrx_word' id='word_1_320' title='bbox 623 3889 730 3971; x_wconf 80' lang='grc' dir='ltr'>ὀφείλει</span> <span class='ocrx_word' id='word_1_321' title='bbox 744 3888 815 3970; x_wconf 85' lang='grc' dir='ltr'>ἐχειν</span> <span class='ocrx_word' id='word_1_322' title='bbox 825 3893 878 3946; x_wconf 81' lang='grc' dir='ltr'>τῶν</span> <span class='ocrx_word' id='word_1_323' title='bbox 888 3891 1053 3969; x_wconf 83' lang='grc' dir='ltr'>πραγμάτων</span> <span class='ocrx_word' id='word_1_324' title='bbox 1066 3893 1080 3948; x_wconf 92' lang='lat'>6</span> <span class='ocrx_word' id='word_1_325' title='bbox 1094 3888 1201 3966; x_wconf 90' lang='grc' dir='ltr'>μέλλων</span> <span class='ocrx_word' id='word_1_326' title='bbox 1214 3893 1334 3975; x_wconf 83' lang='grc' dir='ltr'>γράφειν·</span> 
     </span>
     <span class='ocr_line' id='line_1_32' title="bbox 212 3988 1337 4072; baseline -0.003 -22"><span class='ocrx_word' id='word_1_327' title='bbox 212 3993 245 4050; x_wconf 77' lang='grc' dir='ltr'>τά</span> <span class='ocrx_word' id='word_1_328' title='bbox 258 3991 309 4072; x_wconf 76' lang='grc' dir='ltr'>γάρ</span> <span class='ocrx_word' id='word_1_329' title='bbox 326 3991 474 4072; x_wconf 83' lang='grc' dir='ltr'>γράμματα</span> <span class='ocrx_word' id='word_1_330' title='bbox 495 3990 595 4055; x_wconf 84' lang='grc' dir='ltr'>είκίνες</span> <span class='ocrx_word' id='word_1_331' title='bbox 613 3990 661 4047; x_wconf 77' lang='grc' dir='ltr'>εἰσὶ</span> <span class='ocrx_word' id='word_1_332' title='bbox 681 3995 735 4045; x_wconf 81' lang='grc' dir='ltr'>τῶν</span> <span class='ocrx_word' id='word_1_333' title='bbox 755 3988 923 4068; x_wconf 87' lang='grc' dir='ltr'>λεγομένων,</span> <span class='ocrx_word' id='word_1_334' title='bbox 946 3989 977 4047; x_wconf 80' lang='grc' dir='ltr'>οὖ</span> <span class='ocrx_word' id='word_1_335' title='bbox 996 3989 1108 4048; x_wconf 87' lang='grc' dir='ltr'>δυνατὸν</span> <span class='ocrx_word' id='word_1_336' title='bbox 1127 3989 1158 4049; x_wconf 79' lang='grc' dir='ltr'>δέ</span> <span class='ocrx_word' id='word_1_337' title='bbox 1176 3989 1273 4050; x_wconf 85' lang='grc' dir='ltr'>είδέναι</span> <span class='ocrx_word' id='word_1_338' title='bbox 1291 3992 1337 4056; x_wconf 78' lang='grc' dir='ltr'>τὰς</span> 
     </span>
    </p>
   </div>
   <div class='ocr_carea' id='block_1_10' title="bbox 245 4193 1069 4260">
    <p class='ocr_par' dir='ltr' id='par_1_19' title="bbox 245 4193 1069 4260">
     <span class='ocr_line' id='line_1_33' title="bbox 245 4193 1069 4260; baseline -0.005 -12"><span class='ocrx_word' id='word_1_339' title='bbox 245 4198 318 4249; x_wconf 82' lang='grc'><strong>18-19</strong></span> <span class='ocrx_word' id='word_1_340' title='bbox 332 4198 443 4250; x_wconf 72' lang='grc' dir='ltr'>τουτέστι</span> <span class='ocrx_word' id='word_1_341' title='bbox 457 4221 487 4232; x_wconf 85' lang='grc'>-·</span> <span class='ocrx_word' id='word_1_342' title='bbox 505 4194 535 4246; x_wconf 83' lang='grc'>19</span> <span class='ocrx_word' id='word_1_343' title='bbox 552 4198 626 4260; x_wconf 78' lang='grc' dir='ltr'>λόγος</span> <span class='ocrx_word' id='word_1_344' title='bbox 640 4209 670 4241; x_wconf 85' lang='grc'>-·</span> <span class='ocrx_word' id='word_1_345' title='bbox 685 4194 771 4246; x_wconf 84' lang='lat' dir='ltr'><strong>schol.</strong></span> <span class='ocrx_word' id='word_1_346' title='bbox 786 4195 833 4245; x_wconf 78' lang='lat'>258</span> <span class='ocrx_word' id='word_1_347' title='bbox 849 4197 883 4258; x_wconf 74' lang='grc' dir='ltr'>ιρ.</span> <span class='ocrx_word' id='word_1_348' title='bbox 900 4195 946 4245; x_wconf 83' lang='lat'>271</span> <span class='ocrx_word' id='word_1_349' title='bbox 962 4193 1069 4260; x_wconf 76' lang='lat' dir='ltr'>Herm.)</span> 
     </span>
    </p>
   </div>
   <div class='ocr_carea' id='block_1_11' title="bbox 214 4319 1339 4820">
    <p class='ocr_par' dir='ltr' id='par_1_20' title="bbox 214 4319 1339 4820">
     <span class='ocr_line' id='line_1_34' title="bbox 245 4319 1337 4388; baseline -0.002 -14"><span class='ocrx_word' id='word_1_350' title='bbox 245 4325 292 4376; x_wconf 71' lang='lat' dir='ltr'>Nc</span> <span class='ocrx_word' id='word_1_351' title='bbox 314 4319 431 4376; x_wconf 81' lang='grc' dir='ltr'>ῙῶδεΑ</span> <span class='ocrx_word' id='word_1_352' title='bbox 495 4323 557 4373; x_wconf 85' lang='grc' dir='ltr'>2θν</span> <span class='ocrx_word' id='word_1_353' title='bbox 572 4335 626 4371; x_wconf 89' lang='lat' dir='ltr'>om.</span> <span class='ocrx_word' id='word_1_354' title='bbox 644 4319 671 4369; x_wconf 87' lang='grc' dir='ltr'>Μ</span> <span class='ocrx_word' id='word_1_355' title='bbox 737 4319 870 4386; x_wconf 72' lang='grc' dir='ltr'>3μένοῦν</span> <span class='ocrx_word' id='word_1_356' title='bbox 889 4320 916 4370; x_wconf 87' lang='grc' dir='ltr'>Μ</span> <span class='ocrx_word' id='word_1_357' title='bbox 983 4319 1061 4372; x_wconf 85' lang='lat'>10-11</span> <span class='ocrx_word' id='word_1_358' title='bbox 1079 4325 1122 4374; x_wconf 85' lang='grc' dir='ltr'>καί</span> <span class='ocrx_word' id='word_1_359' title='bbox 1137 4320 1280 4388; x_wconf 80' lang='grc' dir='ltr'>γράψαντας</span> <span class='ocrx_word' id='word_1_360' title='bbox 1294 4324 1337 4372; x_wconf 86' lang='grc' dir='ltr'>καί</span> 
     </span>
     <span class='ocr_line' id='line_1_35' title="bbox 214 4390 1338 4460; baseline 0 -16"><span class='ocrx_word' id='word_1_361' title='bbox 214 4399 305 4458; x_wconf 74' lang='grc' dir='ltr'>νόμους</span> <span class='ocrx_word' id='word_1_362' title='bbox 315 4393 408 4445; x_wconf 64' lang='grc' dir='ltr'>ουκ-Μ</span> <span class='ocrx_word' id='word_1_363' title='bbox 473 4393 504 4444; x_wconf 85' lang='grc'><strong>12</strong></span> <span class='ocrx_word' id='word_1_364' title='bbox 519 4393 696 4456; x_wconf 80' lang='grc' dir='ltr'>οῖ,ο1·υί)ι“.Α</span> <span class='ocrx_word' id='word_1_365' title='bbox 762 4393 877 4460; x_wconf 80' lang='grc' dir='ltr'>γράφωσι</span> <span class='ocrx_word' id='word_1_366' title='bbox 889 4391 958 4443; x_wconf 70' lang='lat' dir='ltr'>plat.</span> <span class='ocrx_word' id='word_1_367' title='bbox 1024 4392 1055 4442; x_wconf 84' lang='grc'>13</span> <span class='ocrx_word' id='word_1_368' title='bbox 1071 4390 1200 4457; x_wconf 84' lang='grc' dir='ltr'>ποιήματι]</span> <span class='ocrx_word' id='word_1_369' title='bbox 1211 4391 1338 4458; x_wconf 81' lang='grc' dir='ltr'>πράγματι</span> 
     </span>
     <span class='ocr_line' id='line_1_36' title="bbox 215 4461 1276 4532; baseline -0.005 -15"><span class='ocrx_word' id='word_1_370' title='bbox 215 4465 243 4517; x_wconf 86' lang='grc' dir='ltr'><strong>Μ</strong></span> <span class='ocrx_word' id='word_1_371' title='bbox 307 4468 338 4517; x_wconf 82' lang='grc'>15</span> <span class='ocrx_word' id='word_1_372' title='bbox 359 4466 527 4532; x_wconf 84' lang='grc' dir='ltr'>έγγράφοντας</span> <span class='ocrx_word' id='word_1_373' title='bbox 548 4465 575 4514; x_wconf 92' lang='grc' dir='ltr'>Μ</span> <span class='ocrx_word' id='word_1_374' title='bbox 641 4464 670 4514; x_wconf 86' lang='grc'>17</span> <span class='ocrx_word' id='word_1_375' title='bbox 691 4466 743 4526; x_wconf 77' lang='grc' dir='ltr'>τὸν,</span> <span class='ocrx_word' id='word_1_376' title='bbox 763 4485 776 4516; x_wconf 82' lang='grc' dir='ltr'>τ</span> <span class='ocrx_word' id='word_1_377' title='bbox 795 4464 870 4514; x_wconf 81' lang='lat' dir='ltr'>rubr.</span> <span class='ocrx_word' id='word_1_378' title='bbox 890 4467 914 4513; x_wconf 90' lang='grc' dir='ltr'>Α</span> <span class='ocrx_word' id='word_1_379' title='bbox 980 4465 1055 4516; x_wconf 73' lang='grc' dir='ltr'>αὑτὸν</span> <span class='ocrx_word' id='word_1_380' title='bbox 1080 4463 1151 4514; x_wconf 64' lang='lat' dir='ltr'><strong>Plan.</strong></span> <span class='ocrx_word' id='word_1_381' title='bbox 1170 4461 1276 4513; x_wconf 83' lang='lat' dir='ltr'><strong>cod.B</strong></span> 
     </span>
     <span class='ocr_line' id='line_1_37' title="bbox 215 4533 1339 4604; baseline -0.002 -17"><span class='ocrx_word' id='word_1_382' title='bbox 215 4538 245 4588; x_wconf 87' lang='grc'>18</span> <span class='ocrx_word' id='word_1_383' title='bbox 258 4540 301 4589; x_wconf 75' lang='grc' dir='ltr'>τὸν</span> <span class='ocrx_word' id='word_1_384' title='bbox 315 4537 394 4602; x_wconf 65' lang='lat' dir='ltr'>quusi</span> <span class='ocrx_word' id='word_1_385' title='bbox 412 4549 448 4588; x_wconf 79' lang='grc' dir='ltr'>επ</span> <span class='ocrx_word' id='word_1_386' title='bbox 464 4539 510 4588; x_wconf 77' lang='grc' dir='ltr'>τοῦ</span> <span class='ocrx_word' id='word_1_387' title='bbox 531 4535 632 4587; x_wconf 76' lang='lat' dir='ltr'><strong>lactum</strong></span> <span class='ocrx_word' id='word_1_388' title='bbox 648 4539 672 4586; x_wconf 80' lang='grc' dir='ltr'>Α</span> <span class='ocrx_word' id='word_1_389' title='bbox 737 4539 859 4604; x_wconf 74' lang='grc' dir='ltr'>προέθηκε</span> <span class='ocrx_word' id='word_1_390' title='bbox 875 4537 903 4586; x_wconf 91' lang='grc' dir='ltr'><strong>Μ</strong></span> <span class='ocrx_word' id='word_1_391' title='bbox 968 4537 1000 4586; x_wconf 82' lang='grc'><strong>20</strong></span> <span class='ocrx_word' id='word_1_392' title='bbox 1016 4539 1047 4593; x_wconf 79' lang='grc' dir='ltr'>τί,</span> <span class='ocrx_word' id='word_1_393' title='bbox 1063 4554 1075 4586; x_wconf 88' lang='grc' dir='ltr'>τ</span> <span class='ocrx_word' id='word_1_394' title='bbox 1091 4533 1202 4584; x_wconf 71' lang='lat' dir='ltr'>rum-,A</span> <span class='ocrx_word' id='word_1_395' title='bbox 1266 4533 1296 4597; x_wconf 80' lang='grc' dir='ltr'>δ’]</span> <span class='ocrx_word' id='word_1_396' title='bbox 1312 4535 1339 4585; x_wconf 77' lang='grc' dir='ltr'>δὲ</span> 
     </span>
     <span class='ocr_line' id='line_1_38' title="bbox 215 4604 1274 4675; baseline -0.003 -17"><span class='ocrx_word' id='word_1_397' title='bbox 215 4605 242 4658; x_wconf 88' lang='grc' dir='ltr'><strong>Μ</strong></span> <span class='ocrx_word' id='word_1_398' title='bbox 262 4609 331 4660; x_wconf 71' lang='lat' dir='ltr'>pm.</span> <span class='ocrx_word' id='word_1_399' title='bbox 396 4607 426 4658; x_wconf 83' lang='lat'>21</span> <span class='ocrx_word' id='word_1_400' title='bbox 444 4604 508 4659; x_wconf 81' lang='grc' dir='ltr'>εἷναι</span> <span class='ocrx_word' id='word_1_401' title='bbox 527 4606 620 4657; x_wconf 83' lang='lat' dir='ltr'>addidi</span> <span class='ocrx_word' id='word_1_402' title='bbox 682 4606 714 4658; x_wconf 84' lang='lat'>22</span> <span class='ocrx_word' id='word_1_403' title='bbox 730 4611 880 4675; x_wconf 83' lang='grc' dir='ltr'>παρατίθησι</span> <span class='ocrx_word' id='word_1_404' title='bbox 901 4609 928 4657; x_wconf 91' lang='grc' dir='ltr'><strong>Μ</strong></span> <span class='ocrx_word' id='word_1_405' title='bbox 994 4606 1025 4656; x_wconf 86' lang='grc'><strong>23</strong></span> <span class='ocrx_word' id='word_1_406' title='bbox 1042 4608 1236 4663; x_wconf 74' lang='grc' dir='ltr'>καταλείποντας</span> <span class='ocrx_word' id='word_1_407' title='bbox 1251 4609 1274 4655; x_wconf 83' lang='grc' dir='ltr'>Α</span> 
     </span>
     <span class='ocr_line' id='line_1_39' title="bbox 214 4675 1339 4746; baseline -0.002 -15"><span class='ocrx_word' id='word_1_408' title='bbox 214 4680 244 4731; x_wconf 83' lang='grc'><strong>25</strong></span> <span class='ocrx_word' id='word_1_409' title='bbox 261 4679 358 4746; x_wconf 79' lang='lat' dir='ltr'>supple</span> <span class='ocrx_word' id='word_1_410' title='bbox 371 4685 407 4738; x_wconf 86' lang='grc' dir='ltr'>τίς</span> <span class='ocrx_word' id='word_1_411' title='bbox 421 4677 466 4732; x_wconf 77' lang='grc' dir='ltr'>οὖν</span> <span class='ocrx_word' id='word_1_412' title='bbox 482 4684 496 4730; x_wconf 88' lang='lat'>6</span> <span class='ocrx_word' id='word_1_413' title='bbox 509 4682 608 4745; x_wconf 81' lang='grc' dir='ltr'>τρόπος·</span> <span class='ocrx_word' id='word_1_414' title='bbox 625 4675 773 4744; x_wconf 70' lang='grc' dir='ltr'>(βούλεται</span> <span class='ocrx_word' id='word_1_415' title='bbox 790 4682 833 4730; x_wconf 80' lang='grc' dir='ltr'>νῦν</span> <span class='ocrx_word' id='word_1_416' title='bbox 846 4681 923 4730; x_wconf 82' lang='grc' dir='ltr'>εἰπεῖν</span> <span class='ocrx_word' id='word_1_417' title='bbox 940 4677 970 4732; x_wconf 76' lang='grc' dir='ltr'>οὑ</span> <span class='ocrx_word' id='word_1_418' title='bbox 987 4682 1062 4743; x_wconf 79' lang='grc' dir='ltr'>μόνον</span> <span class='ocrx_word' id='word_1_419' title='bbox 1077 4679 1112 4734; x_wconf 88' lang='grc' dir='ltr'>τίς</span> <span class='ocrx_word' id='word_1_420' title='bbox 1130 4680 1143 4727; x_wconf 88' lang='lat'>6</span> <span class='ocrx_word' id='word_1_421' title='bbox 1158 4681 1279 4742; x_wconf 60' lang='lat' dir='ltr'>muoz&gt;</span> <span class='ocrx_word' id='word_1_422' title='bbox 1294 4675 1339 4729; x_wconf 73' lang='grc' dir='ltr'>τοδ</span> 
     </span>
     <span class='ocr_line' id='line_1_40' title="bbox 215 4747 1269 4820; baseline -0.001 -17"><span class='ocrx_word' id='word_1_423' title='bbox 215 4757 270 4820; x_wconf 83' lang='grc' dir='ltr'>περί</span> <span class='ocrx_word' id='word_1_424' title='bbox 285 4757 338 4805; x_wconf 72' lang='grc' dir='ltr'>κτλ.</span> <span class='ocrx_word' id='word_1_425' title='bbox 403 4750 434 4803; x_wconf 80' lang='grc'><strong>28</strong></span> <span class='ocrx_word' id='word_1_426' title='bbox 450 4753 492 4802; x_wconf 87' lang='grc' dir='ltr'>καί</span> <span class='ocrx_word' id='word_1_427' title='bbox 507 4751 537 4802; x_wconf 73' lang='grc' dir='ltr'>τά</span> <span class='ocrx_word' id='word_1_428' title='bbox 551 4764 607 4801; x_wconf 91' lang='lat' dir='ltr'>om.</span> <span class='ocrx_word' id='word_1_429' title='bbox 621 4749 649 4800; x_wconf 91' lang='grc' dir='ltr'><strong>Μ</strong></span> <span class='ocrx_word' id='word_1_430' title='bbox 713 4749 746 4802; x_wconf 86' lang='grc'><strong>29</strong></span> <span class='ocrx_word' id='word_1_431' title='bbox 761 4749 938 4818; x_wconf 81' lang='grc' dir='ltr'>λογογραφεῖν]</span> <span class='ocrx_word' id='word_1_432' title='bbox 956 4749 1058 4816; x_wconf 78' lang='grc' dir='ltr'>γράφειν</span> <span class='ocrx_word' id='word_1_433' title='bbox 1072 4747 1107 4814; x_wconf 79' lang='grc'><strong>(2)</strong></span> <span class='ocrx_word' id='word_1_434' title='bbox 1121 4747 1158 4799; x_wconf 78' lang='grc' dir='ltr'>οί.</span> <span class='ocrx_word' id='word_1_435' title='bbox 1173 4748 1230 4809; x_wconf 85' lang='grc'><strong>213,</strong></span> <span class='ocrx_word' id='word_1_436' title='bbox 1244 4749 1269 4802; x_wconf 76' lang='grc'>3.</span> 
     </span>
    </p>
   </div>
   <div class='ocr_carea' id='block_1_12' title="bbox 0 0 1815 5690">
    <p class='ocr_par' dir='ltr' id='par_1_21' title="bbox 0 0 1815 5690">
     <span class='ocr_line' id='line_1_41' title="bbox 0 0 1815 5690; baseline 0 0"><span class='ocrx_word' id='word_1_437' title='bbox 0 0 1815 5690; x_wconf 95' lang='lat' dir='ltr'> </span> 
     </span>
    </p>
   </div>
  </div>
 </body>
</html>
