3600 5734
429 534 477 584 158
814 525 955 578 ΕΡθΙΕΙΟΥ
977 525 1174 576 ΦΙΛΟΣΟΦΟΥ

328 684 394 751 [146]
427 680 512 758 ψυχαί
530 681 748 762 περιάγεσθαι
768 679 895 758 ἐλέγοντο
915 680 965 737 όπὸ
985 687 1034 750 τῆς
1054 687 1237 759 περιφοράς
1257 687 1305 738 τοῦ
1327 679 1451 759 οὐρανοῦ,
1475 681 1503 736 αί
1528 679 1560 736 δὲ

425 779 556 858 ἡμέτεραι
571 779 808 860 συμπεριάγεσθαι.
826 775 980 859 Κεψαλὴν
999 776 1027 834 δὲ
1043 777 1187 858 ἡνιόχου
1202 778 1347 836 ἀκουστέον
1362 781 1392 834 τὸ
1406 779 1560 857 ἀκρότατον

427 875 510 948 αότῆς
524 879 568 934 καί
583 879 752 958 νοερώτατον
765 877 873 942 ίνιαίως
887 883 974 934 πᾶσαν
990 875 1075 948 αὐτῆς
1088 879 1137 948 τήν
1152 876 1247 956 νοεράν
1261 874 1373 952 δύναμιν
1388 873 1463 958 ἔχον.
1478 875 1559 934 Ἐπεὶ

427 972 473 1030 οὗν
488 972 676 1052 πολυδόναμός
687 977 759 1034 ἐστιν
771 979 789 1048 ἀ,
803 975 878 1057 ψυχή
892 975 936 1032 καὶ
953 975 1071 1054 ἐνεργεῖν
1083 973 1197 1032 θέλουσι
1211 975 1256 1032 καί
1270 976 1298 1031 αί
1310 974 1401 1032 λοιπαὶ
1416 973 1556 1050 δυνάμεις,

381 1077 395 1126 5
428 1073 538 1139 εἰκότως
553 1077 581 1130 αί
602 1076 650 1149 μὶν
664 1081 767 1154 πρῶται
781 1076 865 1154 ψυχαί
884 1069 1104 1152 Βορυόεῑσθαι
1122 1071 1246 1151 λέγονται
1266 1074 1324 1130 ὑπὸ
1345 1079 1409 1130 τῶν
1430 1073 1556 1130 ἵππων·

428 1173 455 1227 αί
471 1169 499 1228 δέ
515 1173 594 1247 μέσαι
612 1175 639 1229 αἱ
657 1175 695 1247 μὴ
711 1171 808 1236 τελέως
821 1169 1063 1250 παιδαγωγήσασαι
1078 1172 1125 1234 τάς
1142 1170 1229 1235 ἀλλας
1245 1170 1371 1246 δυνάμεις
1387 1171 1440 1252 οὐχ
1458 1169 1556 1234 ἁπλῶς

428 1265 647 1349 Ξιορυθεῖσθαι
667 1271 793 1349 λέγονται
813 1269 879 1328 ἀλλά
897 1271 942 1326 καί
965 1269 1140 1346 βιάζεσθαι
1162 1271 1213 1327 όπδ
1234 1276 1288 1326 τῶν
1308 1269 1413 1326 ίππων·
1435 1267 1475 1327 διὸ
1493 1271 1558 1326 τοτὲ

430 1368 477 1442 μὶν
497 1367 634 1448 ἐνεργοῦσι
650 1369 719 1426 κατά
732 1369 762 1426 τὸ
778 1369 937 1447 ἀκρότατον,
956 1367 1017 1425 τστέ
1033 1365 1062 1424 δὲ
1076 1367 1155 1424 πάλιν
1170 1369 1239 1424 κατά
1253 1369 1283 1425 τὸ
1297 1365 1468 1447 κοιλότερον·
1486 1369 1512 1424 αί
1527 1365 1560 1424 δὲ

427 1465 514 1545 τρίται
533 1467 620 1542 πάντῃ
640 1470 831 1546 κεκρατῆσθαι,
853 1464 894 1522 διὸ
913 1464 1134 1523 ἀδυνατοῦσαι
1152 1469 1203 1537 τήν
1224 1465 1345 1547 κειραλήν
1370 1465 1457 1545 αίρειν
1480 1467 1556 1523 όπο-

366 1568 398 1618 10
429 1560 561 1644 όρόχιαι
580 1565 711 1644 γίνονται,
733 1561 806 1621 Λαόέ
824 1563 852 1621 δὲ
868 1564 957 1620 αὐτῶν
975 1563 1005 1620 ἐκ
1021 1571 1075 1621 τῶν
1092 1564 1205 1620 ἐνταῦθα
1220 1562 1419 1642 Ιθποδείγματα.
1435 1572 1489 1635 Τι’,ς
1506 1565 1556 1639 μὲν

429 1661 476 1718 οὖν
495 1662 606 1742 πρώτης
625 1661 776 1741 ὑπόδειγμα
795 1657 864 1719 ίστω
884 1664 898 1718 ό
919 1661 1065 1742 ψιλόσσρος
1089 1664 1103 1719 ὁ
1125 1662 1237 1720 ἐνταῦθα
1257 1662 1326 1741 πρὸς
1348 1661 1433 1739 ἐαυτῷ
1453 1661 1491 1718 ὢν
1509 1661 1554 1717 καί

430 1760 534 1839 Βεωρίᾳ
553 1759 707 1840 σχολάζων,
729 1768 791 1824 ταῖς
810 1759 838 1817 δέ
858 1759 954 1823 ἀλλαις
977 1761 1071 1818 ἐαυτοῦ
1092 1763 1174 1828 ζωαῐς
1190 1763 1308 1824 καὶτοῖς
1324 1765 1462 1838 γειτνιῶσι
1477 1767 1554 1815 πᾶσιν

431 1857 533 1936 ἀγαθοῦ
555 1858 639 1933 μόνου
657 1856 829 1933 μεταδιδοάς·
847 1861 861 1914 ό
879 1857 908 1914 δὲ
923 1856 1064 1923 πολιτικός
1080 1864 1134 1916 τῶν
1154 1858 1243 1934 μέσων
1262 1861 1360 1939 ψυχῶν
1379 1858 1460 1916 είκὼν
1474 1853 1551 1924 ἐατω,

430 1957 495 2012 ποτὶ
520 1957 567 2030 μὲν
592 1957 629 2020 είς
655 1955 773 2036 θεωρίαν
795 1957 1014 2032 ἀνατεινόμενος,
1037 1958 1103 2013 ποτὶ
1125 1954 1153 2014 δέ
1176 1955 1255 2013 πάλιν
1278 1956 1442 2036 ἐπισερίρων
1467 1957 1503 2020 είς
1524 1955 1555 2011 τά

369 2059 399 2108 15
431 2051 625 2134 καταδεέστερα
637 2055 682 2112 καὶ
697 2055 800 2112 τάττων
812 2055 889 2112 αότά·
907 2057 934 2111 αί
946 2053 974 2111 δε
984 2055 1068 2134 τρίται
1079 2056 1163 2133 ψυχαί
1177 2054 1395 2133 ἀναλογείτωσαν
1408 2060 1447 2128 τῷ
1458 2051 1554 2130 πολλῷ

431 2153 476 2208 καί
490 2152 605 2228 ἐμπαθεῖ
624 2152 769 2232 ἀνθρώπῳ,
790 2152 865 2211 Πολθ
881 2155 973 2228 μέντοι
993 2153 1020 2209 ἐν
1039 2159 1099 2218 ταῖς
1120 2154 1225 2227 μέσαις,
1241 2159 1301 2216 ταῖς
1318 2153 1351 2209 τά
1371 2153 1421 2229 μὲν
1438 2150 1553 2214 ίδοόααις

432 2249 505 2307 τάδε
523 2253 574 2325 μῆ,
594 2249 704 2316 πλάτος·
722 2253 749 2308 αἶ
763 2253 812 2326 μὲν
826 2251 1004 2332 γὰρπλείονα
1020 2253 1068 2326 μέν
1082 2249 1163 2322 εἶδον,
1181 2250 1264 2330 όλίγα
1277 2249 1305 2308 δὲ
1321 2251 1370 2308 οὐκ
1385 2249 1470 2308 εἶδον·
1487 2253 1515 2306 αί
1529 2247 1556 2306 δέ

432 2347 560 2404 ἀνάπαλιν
572 2347 653 2427 όλίγσι
670 2350 719 2424 μὲν
734 2348 816 2421 είδον,
833 2349 945 2406 πλείονα
959 2348 987 2406 δὲ
1002 2349 1051 2406 οόκ
1065 2348 1148 2406 εἶδον·
1167 2351 1194 2406 αί
1208 2348 1236 2406 δί
1253 2349 1349 2421 ἐπίσης
1364 2351 1397 2406 τά
1411 2351 1459 2423 μὲν
1472 2347 1554 2418 εἶδον,

433 2448 466 2502 τά
481 2443 508 2503 δέ
524 2446 572 2502 οόιι
588 2444 672 2506 εἶδον.
690 2446 854 2528 Προσεκτέον
869 2447 916 2504 σόν
930 2448 1029 2522 τούτῳ·
1047 2445 1200 2505 συντελίσει
1214 2448 1265 2527 γάρ
1280 2451 1348 2521 ἡμῖν
1363 2446 1402 2509 είς
1418 2445 1483 2510 τοὺς
1500 2441 1557 2516 ἑξῆς

371 2548 403 2600 20
436 2544 525 2622 βίους.
549 2547 581 2601 Αί
598 2545 645 2619 μέν
664 2544 711 2603 οὗν
730 2542 844 2626 ἔσχαται
866 2551 921 2603 τῶν
940 2545 1081 2621 ἑπομένων
1095 2545 1163 2602 κατά
1182 2546 1258 2626 ρόσιν
1282 2547 1330 2620 μὲν
1352 2544 1490 2625 ἀφιέμεναι
1511 2549 1557 2600 τοῦ

435 2641 490 2698 ἀνω
513 2645 826 2724 συμπεριρέρονται,
852 2643 894 2700 διὰ
918 2642 946 2700 δέ
969 2644 999 2700 τό
1021 2646 1071 2715 τήν
1095 2642 1209 2718 δόναμιν
1233 2644 1409 2723 ἀπαγορεύειν
1434 2644 1557 2723 ιρέρονται

434 2741 519 2796 κάτω·
540 2740 698 2799 τελευταῖον
718 2741 746 2800 δέ
766 2743 811 2798 καί
833 2746 850 2814 ἡ
874 2741 1006 2820 βούλησις
1028 2743 1072 2799 καί
1091 2738 1180 2822 ἐρεσις
1203 2741 1282 2806 αότάς
1301 2741 1496 2816 ἀπολιμπάνει·
1512 2742 1557 2796 καί

435 2840 486 2918 γάρ
505 2839 598 2918 πρώτη
619 2839 730 2922 ἀ’ρχεται
749 2844 792 2898 καί
812 2843 907 2921 ὑστέρα
926 2842 1042 2920 λήγειὴ
1065 2840 1205 2919 βούλησις.
1222 2839 1324 2920 Ὥσπερ
1339 2839 1386 2898 οὖν
1401 2843 1415 2898 ὁ
1432 2839 1557 2915 ἐμπαθὴς

436 2940 480 2994 καὶ
494 2937 581 3002 πολὺς
597 2937 738 3017 ἀνθρωπος
754 2939 867 2997 ἐνταῦθα
880 2941 947 2997 κατά
964 2941 1040 3021 φύσιν
1057 2941 1105 3016 μέν
1121 2940 1221 3021 ίρίεται
1237 2945 1285 2997 τοῦ
1303 2940 1416 3018 ἀγαθοῦ,
1436 2936 1558 2996 ἀδυνατεῖ

373 3039 404 3089 25
437 3033 465 3094 δὲ
479 3035 609 3116 διακρῖναι
623 3038 667 3094 καὶ
682 3040 771 3118 εὑρεῖν
789 3039 820 3096 τό
840 3037 923 3104 όντως
943 3039 1054 3118 ἀγαθὸν,
1076 3040 1147 3096 οότω
1167 3038 1198 3110 δὴ
1222 3039 1266 3096 καί
1287 3038 1343 3096 ἐκεῖ
1361 3039 1512 3120 πάσχουσιν
1531 3039 1558 3093 αί

339 3135 420 3202 p.1⁴7
437 3133 534 3216 ψυχαί.
563 3129 662 3199 Λάθοις
689 3133 713 3192 δ’
735 3135 767 3192 ἀν
791 3142 844 3192 τῶν
868 3142 948 3216 τριῶν
973 3129 1074 3202 τάξεων
1097 3143 1151 3194 τῶν
1178 3137 1183 3216 Ι
1210 3141 1305 3218 ψυχῶν
1325 3139 1369 3194 καί
1390 3134 1468 3216 ’ίτερα
1491 3138 1558 3192 ὑπο-

436 3230 577 3310 δείγματα,
591 3241 641 3305 τῆς
657 3235 705 3309 μὲν
719 3233 830 3314 πρώτης
843 3235 889 3292 τὸν
900 3234 1035 3316 σώρρονα,
1049 3245 1099 3308 τῆς
1115 3233 1142 3292 δὲ
1158 3234 1279 3316 δευτέρας
1294 3236 1340 3292 τὸν
1354 3235 1479 3316 ἐγκρατῆ,
1492 3235 1558 3292 ὅπου

437 3333 571 3398 στασιάζει
590 3333 638 3406 Ιιιέν
657 3331 688 3388 τά
707 3331 817 3412 χείρονα
836 3333 902 3412 πρός
922 3334 955 3390 τά
973 3335 1122 3414 κρείττονα,
1142 3335 1219 3409 ὅμως
1237 3337 1329 3408 μέντοι
1344 3332 1488 3401 σπουδάζει
1509 3334 1559 3403 τὴν

332 3431 421 3483 1⁸60r·
437 3431 530 3487 ἑαυτοῦ
552 3430 640 3510 ἀρχὴν
659 3433 663 3508 Ι
683 3427 832 3510 διακρατεῖν
851 3434 865 3488 ό
886 3431 982 3511 λόγος,
1003 3441 1053 3504 τῆς
1074 3431 1102 3490 δέ
1123 3433 1280 3498 τελευταίας
1297 3434 1344 3488 τὸν
1361 3433 1461 3512 ἀκρατῆ
1480 3432 1498 3502 ἦ
1514 3431 1559 3488 τὸν

375 3531 406 3580 30
438 3527 596 3587 ἀκόλαστον.
620 3529 669 3585 Καί
687 3528 770 3586 πάλιν
788 3538 837 3601 τῆς
857 3532 905 3604 μὲν
923 3532 1031 3610 πρώτης
1049 3532 1094 3588 τὸν
1113 3530 1256 3588 σπουδαῖον
1270 3533 1299 3595 ὃς
1314 3529 1375 3588 οότε
1391 3531 1483 3588 ἐαυτὸν
1499 3528 1559 3587 οὔτε

388 3625 390 3632 ’
439 3624 524 3682 ἀλλον
545 3627 660 3684 αίτιάται
680 3625 721 3706 (αί
739 3627 789 3706 γάρ
809 3629 956 3707 πρώτισται
975 3637 1029 3685 τῶν
1048 3633 1143 3710 ψυχῶν
1165 3629 1196 3685 οό
1215 3628 1257 3686 διά
1276 3629 1326 3698 τήν
1346 3630 1446 3684 ἑαυτῶν
1465 3627 1560 3684 κακίαν

438 3719 629 3802 Βορυόοῦνται,
654 3723 726 3782 ἀλλά
748 3723 790 3781 διά
810 3729 859 3797 τήν
883 3727 960 3806 φύσιν
982 3732 1029 3782 τοῦ
1052 3727 1230 3800 όποκειμένου
1251 3726 1409 3806 πράγματος
1433 3725 1560 3797 τοιαότην

439 3819 530 3876 οὖσαν·
555 3821 613 3878 θ’θεν
634 3823 678 3876 καί
696 3823 746 3892 τὴν
767 3823 881 3902 ἀπορίαν
902 3823 1022 3899 λόσομεν
1041 3826 1091 3894 τὴν
1114 3821 1255 3902 λε’γουσαν·
1279 3849 1293 3879 ο
1310 3829 1367 3888 πῶς
1389 3823 1435 3880 οὖν
1456 3821 1561 3902 είρηται

439 3917 537 3978 τελέα
556 3918 635 3977 οὖσα
652 3921 705 3978 καί
725 3921 939 4002 ἐπτερωμένη
962 3930 1207 4002 μετεωροπορεῖ
1225 3925 1278 3979 καί
1296 3924 1401 3979 πάντα
1419 3923 1473 3979 τὸν
1492 3921 1559 3978 κόσ-

378 4024 408 4074 35
442 4039 501 4094 μον
515 4015 653 4095 διοικεῑγ
670 4041 684 4072 ιι
701 4020 766 4076 καθὸ
780 4022 830 4099 γάρ
844 4018 936 4078 ἐ’πεται
952 4029 1012 4086 τοῖς
1026 4028 1103 4085 Ξιεοῑς
1116 4023 1160 4078 καί
1175 4023 1271 4092 ἑαυτὴν
1285 4017 1445 4078 ἐπιδέδωκεν
1459 4019 1559 4089 αότοῖς,

471 4247 501 4296 34
518 4245 599 4296 2460

472 4355 532 4412 ἸἸΤ
550 4363 578 4415 11
594 4357 760 4430 ριλόσοψοςῦ
824 4359 854 4414 13
869 4365 994 4423 πολιτικός
1010 4365 1030 4414 C
1094 4363 1124 4414 27
1142 4365 1258 4432 οώρρων.
1274 4365 1403 4432 ἐγκρατής,
1419 4365 1527 4432 ἀκρατής
1542 4365 1563 4416 C

473 4481 519 4532 ΝΟ
535 4483 551 4533 8
567 4483 640 4535 πάλιν
654 4491 688 4534 ex
703 4481 784 4546 πάλην
798 4480 821 4531 Α
885 4483 900 4531 θ
914 4482 1091 4550 κεκρατῆσθαι]
1104 4487 1247 4550 κρατεῖσθαι
1264 4476 1292 4532 M
1356 4479 1387 4534 10
1402 4483 1461 4534 λάθε
1477 4487 1500 4534 Α

441 4551 471 4602 17
490 4559 517 4604 θλ
531 4555 562 4605 18
578 4557 709 4606 πλέοναΑ
773 4553 942 4618 ἳθήἐρεαις
962 4555 990 4602 Μ
1056 4553 1224 4604 θθκαίόΜ
1289 4554 1319 4604 24
1342 4559 1355 4605 ό
1375 4551 1451 4613 πολὺς
1471 4550 1500 4603 M

441 4625 471 4673 31
486 4624 591 4690 ἑαυτῶν]
606 4626 687 4678 αὐτῶν
700 4629 737 4675 Αιι
802 4621 832 4674 34
846 4627 916 4676 τελέα
928 4625 970 4687 μὲν
985 4625 1054 4676 plat.
1121 4629 1304 4692 μετεωρσπολεῖ
1317 4627 1344 4675 Μ
1358 4633 1364 4676 t
1382 4632 1567 4694 μετεωροπορεί

441 4711 467 4745 ιε
484 4693 552 4744 mat.
571 4693 606 4746 et.
621 4687 703 4758 σοι
720 4699 746 4746 ει
761 4687 816 4757 135,
836 4695 911 4746 ιυοο
