3660 5686
411 673 443 725 86
508 717 512 724 ,
794 660 936 715 mmor
956 661 1153 713 ΦΙΛΟΣΟΦΟΥ

314 829 380 896 [10⁴]
414 823 437 878 εῑ
454 819 482 878 δὲ
500 821 546 877 καί
566 819 732 895 ἐπιθυμήσας
751 840 790 884 τις
808 814 890 900 ἐφαγέ
908 840 933 875 τι
953 821 967 876 θ
986 819 1152 902 ἀπηγόρευεν
1168 825 1182 880 ό
1199 822 1295 902 λόγος,
1315 819 1428 896 κᾷταέκ
1445 845 1533 904 παρα-

412 913 489 985 δόξου
504 917 621 997 ῦγίανεν,
637 915 726 981 εῖτιοις
742 916 773 973 ἀν
787 917 831 974 καὶ
844 920 894 988 τήν
909 916 1052 992 ἐπιθυμίαν
1066 917 1293 977 ἐντεθουσιακέναι
1309 919 1444 1000 ἀμυδρῶς·
1464 920 1533 979 ὥστε

411 1018 515 1097 γίνεται
526 1017 571 1073 καὶ
584 1017 643 1096 περί
658 1016 690 1072 τά
703 1013 777 1074 ἀλλα
792 1016 873 1096 μόρια
888 1023 938 1089 τῆς
954 1018 1046 1096 ψυχῆς
1062 1016 1266 1093 ἐνθουσιασμός.
1284 1017 1312 1074 ¹0
1330 1017 1420 1092 μέντοι
1432 1018 1533 1099 κυρίως

411 1117 457 1172 καὶ
470 1114 580 1188 ἀληθῶς
596 1114 787 1190 ἐνθουσιασμός
803 1113 884 1184 ἐστιν,
902 1114 966 1171 όταν
981 1115 1012 1171 τῦ
1025 1115 1053 1172 ἓν
1066 1121 1147 1174 τοῦτο
1160 1116 1191 1173 τῦ
1209 1117 1274 1196 ῦπέρ
1293 1121 1356 1174 νοῦν
1373 1125 1422 1188 τῆς
1442 1121 1533 1197 ψυχῆς

366 1224 381 1274 5
413 1215 579 1293 ἀνεγείρηται
594 1214 662 1292 πρὸς
680 1212 742 1278 τοῦς
758 1212 840 1279 Ξιιοῦς
859 1214 904 1269 καὶ
924 1213 1023 1272 ἐκεῖθεν
1039 1213 1205 1287 ἐπινενόηται·
1222 1212 1324 1272 ἄλλοτε
1341 1213 1370 1272 δέ
1384 1213 1428 1272 ὑπ’
1443 1213 1535 1272 ἀλλων

412 1315 555 1394 κατέχεται
571 1317 646 1371 θεῶν
664 1312 735 1391 παρά
753 1312 801 1375 τάς
821 1310 1040 1384 ἐπιτηδειότητος
1060 1313 1166 1387 ἐαυτοῦ,
1190 1311 1298 1389 μᾶλλον
1316 1311 1345 1370 δέ
1362 1315 1408 1370 καὶ
1426 1309 1536 1372 ἐλαττον

412 1410 559 1493 κατὲχεται
578 1411 643 1468 όταν
660 1411 674 1467 ό
693 1415 755 1474 νοῦς
775 1409 794 1486 ή
811 1411 826 1466 ὁ
841 1411 1001 1486 κινούμενος
1021 1410 1155 1484 ή<ἡ>
1168 1410 1280 1472 διάνοια.
1295 1409 1398 1493 Ὠσπερ
1413 1411 1460 1469 οῦν
1475 1411 1537 1469 ὅταν

413 1509 577 1592 φιλοσοφίαν
591 1509 633 1573 τίς
650 1507 705 1566 ἐστι
718 1510 857 1583 ζητῶμεν,
873 1511 911 1583 μή
925 1505 1187 1590 ἀκριῦολογοῦμενοι
1198 1509 1226 1568 δέ
1241 1508 1314 1569 ἀλλὰ
1327 1510 1537 1591 καταχρώμενοι

412 1606 557 1684 πολλάκις,
577 1607 623 1664 καί
642 1607 691 1678 τήν
708 1608 900 1682 μαθηματικήν
918 1607 935 1678 ή
954 1609 1003 1679 τήν
1023 1611 1136 1688 φυσικήν
1155 1609 1173 1680 ή
1192 1610 1241 1681 τήν
1260 1611 1359 1681 ήθικήν
1379 1607 1538 1690 φιλοσοφίαν

352 1711 383 1763 1Ο
413 1729 442 1765 τε
462 1706 507 1764 καῖ
525 1704 677 1780 ἐπιστήμην
698 1704 846 1780 καλοῦμεν,
868 1705 939 1762 οῦτω
961 1703 993 1777 δή
1015 1707 1059 1763 καὶ
1078 1706 1120 1763 ἐπὶ
1138 1713 1186 1764 τοῦ
1205 1707 1410 1781 ἐνθουσιασμοῦ.
1434 1705 1537 1764 Ἐνθου-

415 1804 528 1879 σιασμὸν
543 1803 593 1882 γάρ
614 1802 747 1878 εἰώθαμεν
768 1801 855 1882 λέγειν
877 1802 927 1860 κάν
949 1807 967 1875 ή
993 1803 1124 1887 φαντασία
1144 1804 1163 1876 ή
1184 1803 1376 1880 ήκινουμίνη.
1396 1805 1426 1860 01
1447 1805 1538 1886 μόντοι
1649 1869 1657 1882 ⁵

414 1903 459 1960 τὸν
493 1901 683 1976 ἐνθουσιασμὸν
717 1901 825 1981 κράσεσι
860 1901 994 1977 σωμάτων
1031 1902 1194 1968 ἀνατιθέντες
1227 1903 1246 1974 ή
1276 1903 1354 1983 όέρος
1387 1901 1537 1983 εὐκρασίαις

415 2001 433 2071 ἢ
461 1998 662 2074 ἀναθυμιάσεων
693 1997 830 2080 διαφοραῖς
861 1999 879 2070 ἣ
910 2000 956 2056 καὶ
985 2006 1088 2081 καιρῶν
1115 2001 1133 2072 ἣ
1159 2001 1251 2058 τόπων
1282 1997 1492 2073 ἐπιτηδειότησιν
1519 2000 1537 2072 ή

416 2098 461 2155 καὶ
480 2103 514 2174 τῇ
533 2102 588 2154 τῶν
614 2095 675 2154 κατ’
695 2097 809 2176 οῦρανόν
829 2097 986 2183 περιιόντων
1011 2101 1131 2172 ποιήσει,
1157 2099 1190 2156 τὰ
1216 2099 1339 2156 συναίτια
1366 2097 1467 2174 μᾶλλον
1492 2098 1537 2155 καί

353 2205 384 2256 15
418 2195 495 2254 ῦλικά
517 2201 565 2254 τοῦ
590 2196 747 2276 πράγματος
776 2195 846 2277 ἤπερ
869 2197 902 2253 τὰ
930 2195 1005 2254 αῖτια
1031 2197 1064 2254 τά
1088 2199 1189 2278 κυρίως
1214 2195 1349 2277 λέγουσιν.
1373 2196 1468 2280 Ἔχεις
1494 2194 1541 2254 οῦν

416 2298 559 2367 ποιητικήν
581 2295 630 2371 μέν
648 2295 733 2352 αίτίαν
749 2299 798 2352 τοῦ
818 2294 1014 2371 ἐνθουσιασμοῦ
1029 2295 1093 2362 τοῦς
1111 2296 1206 2378 θεοὺς,
1228 2295 1326 2368 όλικήν
1342 2295 1371 2353 δέ
1387 2295 1472 2366 αῦτήν
1489 2295 1540 2366 τήν

418 2394 594 2453 ἐνθουσιῶσαν
616 2395 707 2477 ψυχήν
727 2394 746 2465 ή
767 2393 814 2451 καὶ
834 2395 867 2451 τά
888 2392 984 2460 ἔξωθεν
1006 2391 1146 2470 σῦμῦολα,
1169 2395 1269 2466 είδικήν
1293 2392 1322 2451 δέ
1342 2395 1393 2464 τήν
1414 2393 1445 2451 ἐκ
1466 2398 1540 2451 θεῶν

418 2492 555 2551 ἐπίπνοιαν
576 2494 637 2573 περὶ
656 2494 688 2550 τὸ
705 2492 735 2550 ἐν
755 2493 786 2549 τὸ
806 2501 855 2565 τῆς
875 2497 979 2574 ψυχῆς,
1001 2493 1108 2565 τελικήν
1127 2492 1156 2551 δὲ
1175 2493 1206 2550 τὸ
1228 2492 1336 2572 ἀγαθόν.
1360 2489 1431 2549 Ἀλλ’
1456 2492 1479 2550 εί
1498 2490 1540 2547 ἀεὶ

421 2591 564 2670 βούλονται
575 2591 608 2648 τόν
620 2591 706 2670 ἀγαθά
718 2596 753 2668 τῇ
766 2594 842 2672 ψυχῇ
857 2592 884 2649 οί
897 2591 971 2664 θεοί,
986 2590 1029 2648 διὰ
1041 2592 1067 2648 τί
1082 2594 1120 2666 μή
1135 2591 1175 2649 ἀεὶ
1189 2589 1329 2665 ἐνθουσιᾷς
1344 2589 1381 2646 Ἢ
1396 2588 1541 2668 βοῦλονται

356 2697 387 2750 20
421 2691 470 2766 μέν
485 2689 553 2766 αὐτῇ
572 2689 605 2746 τά
623 2689 719 2772 ἀγαθὰ,
738 2689 885 2767 βούλονται
905 2688 933 2748 δέ
950 2691 996 2747 καὶ
1013 2692 1063 2762 τήν
1081 2695 1129 2747 τοῦ
1147 2690 1248 2754 παντὸς
1270 2688 1343 2756 τάξιν
1357 2693 1476 2768 κρατεῖν·
1497 2689 1542 2746 καὶ

419 2789 486 2860 αῦτή
501 2788 530 2846 δέ
543 2789 592 2846 οῦκ
605 2787 646 2846 ἀεῖ
660 2787 797 2862 ἐπιτηδεία
813 2789 867 2845 ἐστὶ
881 2787 924 2846 διὰ
937 2786 1043 2854 πολλάς
1059 2789 1156 2854 αἰτίας·
1173 2788 1266 2868 διόπερ
1281 2787 1331 2844 οῦκ
1345 2787 1387 2844 ἀεὶ
1406 2787 1538 2859 ἐνθουσιᾷ.

418 2888 493 2953 Τινές
508 2886 537 2945 δέ
552 2886 661 2966 λέγουσι
674 2890 724 2959 τήν
738 2886 892 2957 τελεστικὴν
908 2886 972 2969 ἀχρι
993 2893 1039 2945 τοῦ
1058 2888 1108 2945 ὑπὸ
1126 2886 1242 2959 σελήνην
1257 2887 1372 2968 φθάνειν·
1392 2887 1414 2944 εί
1430 2886 1479 2960 μέν
1494 2883 1542 2942 οῦν

420 2989 492 3045 οῦτω
511 2985 637 3065 λέγουσιν
657 2985 697 3043 ότι
717 2984 792 3044 οῦθέν
810 2992 864 3043 τῶν
882 2987 946 3066 ῦπέρ
966 2987 1086 3059 σελήνην
1104 2988 1149 3043 καὶ
1167 2986 1301 3067 οὐρανίων
1322 2986 1360 3050 είς
1379 2985 1424 3042 τὸν
1445 2984 1542 3042 ὑποσά-

421 3086 503 3157 ληνον
523 3085 608 3141 τόπον
629 3084 744 3164 ἐνεργεῖ,
768 3083 888 3164 ἐναργῶς
911 3083 996 3142 ἀτοπα
1018 3083 1152 3162 λέγουσιν·
1174 3085 1197 3142 εί
1218 3081 1246 3140 δέ
1267 3082 1308 3139 ότι
1327 3085 1353 3140 οί
1371 3082 1492 3141 τελευταὶ
1510 3081 1542 3138 οῦ

357 3190 388 3241 25
422 3183 545 3241 δῦνανται
564 3183 629 3263 ῦπέρ
648 3185 698 3254 τήν
715 3181 879 3254 σεληνιακήν
899 3189 1011 3264 σφαῖραν
1028 3181 1177 3262 ἐνεργῆσαι,
1200 3181 1314 3261 ἐροῦμεν
1332 3181 1383 3252 ότι,
1407 3182 1429 3238 εί
1450 3181 1498 3255 μὶν
1514 3182 1541 3235 αῖ

419 3279 513 3355 λήξεις
533 3287 586 3338 τῶν
604 3285 701 3362 ψυχῶν
718 3288 801 3338 πᾶσαι
820 3281 981 3353 ῦποσέληνοί
1002 3282 1078 3352 εἶσιν,
1095 3280 1201 3352 ἀληθής
1220 3280 1308 3337 αὐτῶν
1323 3275 1396 3337 ἐσται
1413 3281 1427 3336 ό
1445 3279 1541 3370 λόγος,

421 3381 445 3440 εί
465 3379 493 3438 δέ
512 3381 562 3438 είσι
582 3375 676 3471 λήξεις
692 3383 789 3461 ψυχῶν
808 3380 854 3436 καί
874 3381 939 3460 ὑπὲρ
958 3378 1077 3452 σελήνην
1096 3378 1202 3458 (ὥσπερ
1219 3377 1266 3436 οῦν
1285 3379 1360 3436 είσιν·
1380 3380 1409 3436 αἳ
1426 3378 1475 3453 μὶν
1492 3377 1543 3456 γάρ

420 3478 502 3551 ήλίου
516 3476 614 3536 ὀπαδοί
630 3479 706 3549 είσεν,
723 3480 750 3535 αί
764 3476 792 3535 δέ
812 3475 940 3550 σελήνης,
962 3479 989 3535 αῖ
1007 3475 1036 3534 δέ
1055 3477 1167 3556 Κρόνου·
1192 3475 1324 3556 ἔσπειρε
1345 3475 1396 3556 γάρ
1416 3474 1463 3540 τάς
1485 3476 1543 3550 μὶν

421 3579 467 3642 είς
489 3585 561 3657 γῆν,
585 3577 633 3642 τὰς
655 3575 683 3633 θέ
706 3577 745 3640 είς
767 3574 857 3649 ἥλιον,
879 3575 926 3640 τάς
948 3574 976 3632 δέ
997 3574 1084 3639 ἀλλοις
1105 3573 1254 3655 ἀλλαχοῦ),
1275 3573 1385 3631 δυνατὸν
1403 3569 1475 3630 ἐσται
1494 3575 1543 3643 τήν

360 3683 391 3735 30
422 3676 515 3757 ψυχήν
528 3677 573 3732 καὶ
589 3676 654 3754 ὑπὲρ
668 3674 789 3746 σελήνην
804 3673 957 3754 ἐνεργῆσαι.
975 3671 1060 3754 Ὀπερ
1074 3675 1124 3753 γάρ
1145 3677 1163 3744 ή
1181 3672 1234 3745 όλη
1249 3669 1322 3738 τάξις
1343 3671 1411 3748 αῦτῇ
1430 3672 1544 3752 παρέχει

422 3774 628 3855 πολυχρονίως,
643 3779 723 3831 τοῦτο
738 3771 881 3846 δυνήσεται
899 3774 943 3829 καί
959 3773 1040 3848 ἐαυτῇ
1059 3777 1209 3852 παρασχεῖν
1225 3769 1418 3852 όλιγοχρονίως
1434 3771 1451 3840 ή
1467 3771 1543 3849 ψυχή

423 3871 466 3929 θιά
486 3869 641 3944 τελεστικῆς
664 3868 715 3927 ὑπὸ
735 3875 808 3927 θεῶν
835 3869 1021 3948 βοηθουμένη·
1046 3869 1111 3948 ῦπέρ
1134 3870 1183 3943 μὲν
1204 3869 1255 3947 γάρ
1275 3869 1326 3938 τήν
1347 3867 1445 3937 ἑαυτῆς
1468 3857 1546 3936 λῆξιν

385 4023 389 4032 ,
424 3971 474 4028 οῦκ
494 3968 525 4027 ἀν
548 3991 613 4028 ποτε
637 3969 813 4049 ἐνεργήσειεν,
838 3967 901 4049 ἀχρι
924 3967 952 4024 δέ
974 3975 1025 4040 τῆς
1052 3969 1148 4039 ἑαυτῆς
1173 3960 1280 4038 λήξεως
1305 3965 1475 4044 ἐνεργήσειεν
1500 3961 1543 4019 ἀν·

455 4161 487 4212 28
506 4162 541 4212 τί.
562 4159 632 4212 Tim.
646 4159 677 4211 42
692 4161 716 4211 D

457 4277 519 4330 TIT
534 4275 566 4328 19
581 4279 676 4347 ἀπορία
690 4280 714 4326 Α

459 4390 506 4442 ΝΟ
525 4390 539 4441 1
560 4388 593 4455 τι]
611 4409 637 4442 τε
657 4391 686 4439 Μ
752 4389 924 4457 ἀπηγόρευσεν
949 4388 978 4437 Μ
1042 4386 1120 4438 ἐκαὶ
1143 4387 1240 4450 ἀληθῶς
1260 4398 1314 4437 om.
1337 4385 1367 4434 M
1430 4382 1546 4450 θπαρά]

427 4466 482 4530 περί
500 4463 540 4523 Μ,
559 4475 595 4512 an
609 4461 693 4514 αατόιῖ
756 4459 911 4524 Ἱήυάᾱίἀί
974 4457 1019 4511 οῦν
1033 4471 1068 4509 ex
1083 4463 1126 4509 νῦν
1140 4462 1163 4508 Α
1226 4456 1332 4522 θῆτήν
1347 4455 1434 4521 ἠθικὴν
1450 4468 1504 4506 om.
1518 4455 1545 4504 M

489 4534 520 4587 13
541 4533 679 4601 διαφοραῖς]
700 4535 836 4599 ἀναφοραῖς
853 4532 882 4581 Μ
946 4528 977 4581 14
996 4534 1131 4597 περιόντων
1150 4534 1174 4580 Α
1196 4539 1259 4580 ame
1278 4527 1387 4579 emend.
1409 4535 1437 4578 et
1455 4528 1484 4576 Μ

428 4605 528 4672 ποιήσει
547 4612 706 4670 corruptum
722 4604 848 4654 videtur:
863 4602 977 4654 sortasse
991 4601 1117 4666 πολήσειί
1181 4602 1210 4650 15
1226 4601 1257 4652 τά
1267 4607 1331 4650 ante
1340 4603 1433 4667 κυρίως
1448 4612 1502 4650 om.
1516 4598 1545 4647 M

492 4679 521 4728 19
543 4675 682 4745 βούλωνται
700 4676 734 4725 A*
798 4675 830 4725 22
849 4673 946 4740 φθάνειν
965 4671 1110 4738 pervenire
1132 4672 1177 4737 (οῖ.
1198 4672 1286 4723 PLu'r.
1307 4671 1378 4722 Mor.
1396 4669 1442 4722 338
1460 4673 1484 4732 a)

428 4749 461 4801 28
478 4752 569 4801 όιταόοί
587 4749 615 4798 M
680 4749 788 4814 ἐ’σπειρε,
807 4759 842 4798 ex
861 4745 977 4797 Platone
995 4743 1083 4798 intell.
1105 4748 1119 4796 ό
1139 4743 1291 4812 δημιουργός
1354 4741 1444 4806 θθτὴν
1461 4739 1547 4810 ψυχὴν

430 4833 465 4874 ex
479 4827 509 4899 τῇ
524 4825 593 4901 ψυχή
607 4822 632 4870 Α
