<?xml version="1.0" encoding="UTF-8"?>
<!DOCTYPE html PUBLIC "-//W3C//DTD XHTML 1.0 Transitional//EN"
    "http://www.w3.org/TR/xhtml1/DTD/xhtml1-transitional.dtd">
<html xmlns="http://www.w3.org/1999/xhtml" xml:lang="en" lang="en">
 <head>
  <title>
</title>
<meta http-equiv="Content-Type" content="text/html;charset=utf-8" />
  <meta name='ocr-system' content='tesseract 3.04.00' />
  <meta name='ocr-capabilities' content='ocr_page ocr_carea ocr_par ocr_line ocrx_word'/>
</head>
<body>
  <div class='ocr_page' id='page_1' title='image "./hermiaealexandr00couvgoog_0083.png"; bbox 0 0 3538 5686; ppageno 0'>
   <div class='ocr_carea' id='block_1_1' title="bbox 472 553 1209 612">
    <p class='ocr_par' dir='ltr' id='par_1_1' title="bbox 472 553 1209 612">
     <span class='ocr_line' id='line_1_1' title="bbox 472 553 1209 612; baseline 0.005 -10"><span class='ocrx_word' id='word_1_1' title='bbox 472 561 503 612; x_wconf 83' lang='lat'>⁴2</span> <span class='ocrx_word' id='word_1_2' title='bbox 852 553 993 606; x_wconf 79' lang='grc' dir='ltr'><strong>ΕΡΜΕΙΟΥ</strong></span> <span class='ocrx_word' id='word_1_3' title='bbox 1013 555 1209 606; x_wconf 76' lang='grc' dir='ltr'><strong>ΦΙΛΟΣθΦΟΥ</strong></span> 
     </span>
    </p>
   </div>
   <div class='ocr_carea' id='block_1_2' title="bbox 389 705 1588 1476">
    <p class='ocr_par' dir='ltr' id='par_1_2' title="bbox 389 705 1588 1090">
     <span class='ocr_line' id='line_1_2' title="bbox 389 705 1586 796; baseline 0.01 -34"><span class='ocrx_word' id='word_1_4' title='bbox 389 711 439 778; x_wconf 77' lang='lat'>180]</span> <span class='ocrx_word' id='word_1_5' title='bbox 470 705 593 786; x_wconf 89' lang='grc' dir='ltr'>χώρησε,</span> <span class='ocrx_word' id='word_1_6' title='bbox 615 711 653 784; x_wconf 82' lang='grc' dir='ltr'>πῇ</span> <span class='ocrx_word' id='word_1_7' title='bbox 679 706 707 765; x_wconf 72' lang='grc' dir='ltr'>δέ</span> <span class='ocrx_word' id='word_1_8' title='bbox 731 705 763 766; x_wconf 87' lang='grc' dir='ltr'>οῦ</span> <span class='ocrx_word' id='word_1_9' title='bbox 786 708 971 790; x_wconf 86' lang='grc' dir='ltr'>συνεχώρησε.</span> <span class='ocrx_word' id='word_1_10' title='bbox 998 711 1033 767; x_wconf 85' lang='grc' dir='ltr'>Τὸ</span> <span class='ocrx_word' id='word_1_11' title='bbox 1057 712 1109 792; x_wconf 78' lang='grc' dir='ltr'>γὰρ</span> <span class='ocrx_word' id='word_1_12' title='bbox 1132 721 1217 794; x_wconf 84' lang='grc' dir='ltr'>σαφῆ</span> <span class='ocrx_word' id='word_1_13' title='bbox 1242 713 1296 770; x_wconf 81' lang='grc' dir='ltr'>καὶ</span> <span class='ocrx_word' id='word_1_14' title='bbox 1320 715 1509 796; x_wconf 75' lang='grc' dir='ltr'>στρογγύλα</span> <span class='ocrx_word' id='word_1_15' title='bbox 1533 719 1586 774; x_wconf 85' lang='grc' dir='ltr'>καῖ</span> 
     </span>
     <span class='ocr_line' id='line_1_3' title="bbox 471 803 1587 890; baseline 0.011 -30"><span class='ocrx_word' id='word_1_16' title='bbox 471 803 779 885; x_wconf 79' lang='grc' dir='ltr'>ἀποτετορνευμένα</span> <span class='ocrx_word' id='word_1_17' title='bbox 807 806 888 864; x_wconf 84' lang='grc' dir='ltr'>αῦτὸν</span> <span class='ocrx_word' id='word_1_18' title='bbox 916 807 1052 888; x_wconf 83' lang='grc' dir='ltr'>είρηκίναι</span> <span class='ocrx_word' id='word_1_19' title='bbox 1080 809 1266 890; x_wconf 78' lang='grc' dir='ltr'><strong>συνεχώρησε,</strong></span> <span class='ocrx_word' id='word_1_20' title='bbox 1293 813 1324 868; x_wconf 88' lang='grc' dir='ltr'>τὸ</span> <span class='ocrx_word' id='word_1_21' title='bbox 1353 812 1380 868; x_wconf 74' lang='grc' dir='ltr'>δέ</span> <span class='ocrx_word' id='word_1_22' title='bbox 1405 815 1445 869; x_wconf 73' lang='grc' dir='ltr'>τά</span> <span class='ocrx_word' id='word_1_23' title='bbox 1473 813 1587 872; x_wconf 77' lang='grc' dir='ltr'>δέοντα</span> 
     </span>
     <span class='ocr_line' id='line_1_4' title="bbox 472 899 1588 992; baseline 0.008 -33"><span class='ocrx_word' id='word_1_24' title='bbox 472 903 605 981; x_wconf 74' lang='grc' dir='ltr'>εἰρηκέναι</span> <span class='ocrx_word' id='word_1_25' title='bbox 623 899 649 970; x_wconf 78' lang='grc' dir='ltr'>ἐξ</span> <span class='ocrx_word' id='word_1_26' title='bbox 669 904 758 984; x_wconf 79' lang='grc' dir='ltr'>ἀρχῆς</span> <span class='ocrx_word' id='word_1_27' title='bbox 777 905 826 979; x_wconf 78' lang='grc' dir='ltr'>μὲν</span> <span class='ocrx_word' id='word_1_28' title='bbox 846 905 934 982; x_wconf 79' lang='grc' dir='ltr'>πάντη</span> <span class='ocrx_word' id='word_1_29' title='bbox 956 908 1105 987; x_wconf 90' lang='grc' dir='ltr'>ήρνήσατυ,</span> <span class='ocrx_word' id='word_1_30' title='bbox 1128 905 1220 966; x_wconf 78' lang='grc' dir='ltr'>ἔπειτα</span> <span class='ocrx_word' id='word_1_31' title='bbox 1241 911 1429 990; x_wconf 77' lang='grc' dir='ltr'>συνεχώρησεν</span> <span class='ocrx_word' id='word_1_32' title='bbox 1451 913 1489 977; x_wconf 88' lang='grc' dir='ltr'>είς</span> <span class='ocrx_word' id='word_1_33' title='bbox 1509 914 1588 992; x_wconf 82' lang='grc' dir='ltr'>χάριν</span> 
     </span>
     <span class='ocr_line' id='line_1_5' title="bbox 470 998 1587 1090; baseline 0.009 -34"><span class='ocrx_word' id='word_1_34' title='bbox 470 998 598 1081; x_wconf 81' lang='grc' dir='ltr'>Φαίδρου·</span> <span class='ocrx_word' id='word_1_35' title='bbox 622 1003 691 1059; x_wconf 85' lang='grc' dir='ltr'>ώστε</span> <span class='ocrx_word' id='word_1_36' title='bbox 711 1007 751 1080; x_wconf 81' lang='grc' dir='ltr'>πῇ</span> <span class='ocrx_word' id='word_1_37' title='bbox 775 1002 823 1078; x_wconf 75' lang='grc' dir='ltr'>μ’σν</span> <span class='ocrx_word' id='word_1_38' title='bbox 836 1003 1020 1084; x_wconf 80' lang='grc' dir='ltr'>συνεχώρησε,</span> <span class='ocrx_word' id='word_1_39' title='bbox 1041 1011 1079 1082; x_wconf 78' lang='grc' dir='ltr'>πῇ</span> <span class='ocrx_word' id='word_1_40' title='bbox 1100 1005 1128 1063; x_wconf 76' lang='grc' dir='ltr'>δέ</span> <span class='ocrx_word' id='word_1_41' title='bbox 1149 1007 1181 1064; x_wconf 85' lang='grc' dir='ltr'>οῦ</span> <span class='ocrx_word' id='word_1_42' title='bbox 1202 1009 1403 1090; x_wconf 86' lang='grc' dir='ltr'>συνεχώρησεν.</span> <span class='ocrx_word' id='word_1_43' title='bbox 1426 1007 1534 1081; x_wconf 80' lang='grc' dir='ltr'>Ἐπειδὴ</span> <span class='ocrx_word' id='word_1_44' title='bbox 1561 1007 1587 1066; x_wconf 79' lang='grc' dir='ltr'>δὲ</span> 
     </span>
    </p>

    <p class='ocr_par' dir='ltr' id='par_1_3' title="bbox 423 1098 1587 1476">
     <span class='ocr_line' id='line_1_6' title="bbox 423 1098 1587 1185; baseline 0.008 -31"><span class='ocrx_word' id='word_1_45' title='bbox 423 1103 438 1154; x_wconf 86' lang='grc'>5</span> <span class='ocrx_word' id='word_1_46' title='bbox 470 1103 516 1155; x_wconf 87' lang='grc' dir='ltr'>νῦν</span> <span class='ocrx_word' id='word_1_47' title='bbox 528 1098 603 1156; x_wconf 81' lang='grc' dir='ltr'>εἶπεν</span> <span class='ocrx_word' id='word_1_48' title='bbox 618 1101 632 1156; x_wconf 86' lang='grc' dir='ltr'><strong>ὁ</strong></span> <span class='ocrx_word' id='word_1_49' title='bbox 647 1098 765 1181; x_wconf 76' lang='grc' dir='ltr'>Φαῖδρος</span> <span class='ocrx_word' id='word_1_50' title='bbox 782 1123 796 1154; x_wconf 80' lang='grc' dir='ltr'>ιι</span> <span class='ocrx_word' id='word_1_51' title='bbox 814 1100 889 1176; x_wconf 85' lang='grc' dir='ltr'>μηδ’</span> <span class='ocrx_word' id='word_1_52' title='bbox 905 1101 941 1160; x_wconf 76' lang='grc' dir='ltr'>δν</span> <span class='ocrx_word' id='word_1_53' title='bbox 959 1100 1015 1160; x_wconf 77' lang='grc' dir='ltr'>’ἕνα</span> <span class='ocrx_word' id='word_1_54' title='bbox 1034 1105 1113 1160; x_wconf 75' lang='grc' dir='ltr'>ποτέ</span> <span class='ocrx_word' id='word_1_55' title='bbox 1132 1105 1281 1185; x_wconf 80' lang='grc' dir='ltr'>ἀνθρώπων</span> <span class='ocrx_word' id='word_1_56' title='bbox 1302 1103 1458 1165; x_wconf 84' lang='grc' dir='ltr'>δύνασθαι</span> <span class='ocrx_word' id='word_1_57' title='bbox 1481 1108 1587 1166; x_wconf 84' lang='grc' dir='ltr'>εἰπεῖν</span> 
     </span>
     <span class='ocr_line' id='line_1_7' title="bbox 469 1193 1587 1287; baseline 0.009 -34"><span class='ocrx_word' id='word_1_58' title='bbox 469 1193 543 1255; x_wconf 77' lang='grc' dir='ltr'>ἄλλα</span> <span class='ocrx_word' id='word_1_59' title='bbox 563 1197 664 1274; x_wconf 82' lang='grc' dir='ltr'>πλείω,</span> <span class='ocrx_word' id='word_1_60' title='bbox 682 1223 697 1254; x_wconf 86' lang='grc' dir='ltr'>ιι</span> <span class='ocrx_word' id='word_1_61' title='bbox 721 1197 764 1257; x_wconf 78' lang='grc' dir='ltr'>διά</span> <span class='ocrx_word' id='word_1_62' title='bbox 786 1204 866 1257; x_wconf 87' lang='grc' dir='ltr'>τοῦτο</span> <span class='ocrx_word' id='word_1_63' title='bbox 890 1199 980 1257; x_wconf 83' lang='grc' dir='ltr'>οῦκίτι</span> <span class='ocrx_word' id='word_1_64' title='bbox 1004 1202 1076 1278; x_wconf 79' lang='grc' dir='ltr'>αὐτῷ</span> <span class='ocrx_word' id='word_1_65' title='bbox 1100 1212 1239 1286; x_wconf 78' lang='grc' dir='ltr'>συγχωρεῖ</span> <span class='ocrx_word' id='word_1_66' title='bbox 1261 1207 1276 1262; x_wconf 82' lang='grc' dir='ltr'><strong>ὁ</strong></span> <span class='ocrx_word' id='word_1_67' title='bbox 1302 1207 1461 1286; x_wconf 76' lang='grc' dir='ltr'>Σωκράτης·</span> <span class='ocrx_word' id='word_1_68' title='bbox 1483 1207 1514 1262; x_wconf 88' lang='grc' dir='ltr'>οῦ</span> <span class='ocrx_word' id='word_1_69' title='bbox 1537 1207 1587 1287; x_wconf 82' lang='grc' dir='ltr'>γὰρ</span> 
     </span>
     <span class='ocr_line' id='line_1_8' title="bbox 468 1295 1585 1385; baseline 0.007 -34"><span class='ocrx_word' id='word_1_70' title='bbox 468 1295 576 1354; x_wconf 82' lang='grc' dir='ltr'>πάντων</span> <span class='ocrx_word' id='word_1_71' title='bbox 598 1297 748 1378; x_wconf 79' lang='grc' dir='ltr'>ἀνθρώπων</span> <span class='ocrx_word' id='word_1_72' title='bbox 771 1298 876 1373; x_wconf 87' lang='grc' dir='ltr'>άμείνω</span> <span class='ocrx_word' id='word_1_73' title='bbox 900 1301 915 1355; x_wconf 88' lang='grc' dir='ltr'><strong>ὁ</strong></span> <span class='ocrx_word' id='word_1_74' title='bbox 939 1301 1036 1366; x_wconf 87' lang='grc' dir='ltr'>Λυσίας</span> <span class='ocrx_word' id='word_1_75' title='bbox 1058 1301 1141 1360; x_wconf 89' lang='grc' dir='ltr'>είπεν·</span> <span class='ocrx_word' id='word_1_76' title='bbox 1168 1301 1241 1368; x_wconf 77' lang='grc' dir='ltr'>δ’λως</span> <span class='ocrx_word' id='word_1_77' title='bbox 1261 1304 1312 1384; x_wconf 76' lang='grc' dir='ltr'>γάρ</span> <span class='ocrx_word' id='word_1_78' title='bbox 1334 1305 1381 1361; x_wconf 85' lang='grc' dir='ltr'>τὸν</span> <span class='ocrx_word' id='word_1_79' title='bbox 1402 1305 1519 1385; x_wconf 84' lang='grc' dir='ltr'>ψυχικὸν</span> <span class='ocrx_word' id='word_1_80' title='bbox 1541 1305 1585 1362; x_wconf 77' lang='grc' dir='ltr'>καὶ</span> 
     </span>
     <span class='ocr_line' id='line_1_9' title="bbox 468 1393 895 1476; baseline 0.014 -26"><span class='ocrx_word' id='word_1_81' title='bbox 468 1396 632 1475; x_wconf 87' lang='grc' dir='ltr'>σωφρονικὸν</span> <span class='ocrx_word' id='word_1_82' title='bbox 645 1393 733 1476; x_wconf 81' lang='grc' dir='ltr'>ἔρωτα</span> <span class='ocrx_word' id='word_1_83' title='bbox 746 1396 796 1455; x_wconf 88' lang='grc' dir='ltr'>σῦκ</span> <span class='ocrx_word' id='word_1_84' title='bbox 811 1395 895 1458; x_wconf 77' lang='grc' dir='ltr'>οἶδεν.</span> 
     </span>
    </p>
   </div>
   <div class='ocr_carea' id='block_1_3' title="bbox 509 1547 1160 1631">
    <p class='ocr_par' dir='ltr' id='par_1_4' title="bbox 509 1547 1160 1631">
     <span class='ocr_line' id='line_1_10' title="bbox 509 1547 1160 1631; baseline 0.011 -27"><span class='ocrx_word' id='word_1_85' title='bbox 509 1547 550 1623; x_wconf 88' lang='grc' dir='ltr'>μ’.</span> <span class='ocrx_word' id='word_1_86' title='bbox 578 1547 717 1607; x_wconf 81' lang='grc' dir='ltr'>Παλαισί</span> <span class='ocrx_word' id='word_1_87' title='bbox 742 1549 802 1629; x_wconf 81' lang='grc' dir='ltr'>γὰρ</span> <span class='ocrx_word' id='word_1_88' title='bbox 825 1549 880 1608; x_wconf 83' lang='grc' dir='ltr'>καὶ</span> <span class='ocrx_word' id='word_1_89' title='bbox 904 1549 1013 1631; x_wconf 87' lang='grc' dir='ltr'>σοφοί]</span> <span class='ocrx_word' id='word_1_90' title='bbox 1039 1551 1098 1611; x_wconf 86' lang='grc'>235</span> <span class='ocrx_word' id='word_1_91' title='bbox 1123 1551 1160 1617; x_wconf 89' lang='grc' dir='ltr'>Β.</span> 
     </span>
    </p>
   </div>
   <div class='ocr_carea' id='block_1_4' title="bbox 334 1692 1588 3543">
    <p class='ocr_par' dir='ltr' id='par_1_5' title="bbox 408 1692 1586 2166">
     <span class='ocr_line' id='line_1_11' title="bbox 408 1692 1586 1780; baseline 0.003 -30"><span class='ocrx_word' id='word_1_92' title='bbox 408 1693 439 1744; x_wconf 86' lang='grc'>10</span> <span class='ocrx_word' id='word_1_93' title='bbox 509 1694 565 1773; x_wconf 85' lang='grc' dir='ltr'>Πρὸ</span> <span class='ocrx_word' id='word_1_94' title='bbox 587 1698 635 1750; x_wconf 87' lang='grc' dir='ltr'>τοῦ</span> <span class='ocrx_word' id='word_1_95' title='bbox 656 1693 741 1751; x_wconf 76' lang='grc' dir='ltr'>εἰπεῖν</span> <span class='ocrx_word' id='word_1_96' title='bbox 761 1693 787 1750; x_wconf 86' lang='grc' dir='ltr'>τί</span> <span class='ocrx_word' id='word_1_97' title='bbox 807 1692 877 1751; x_wconf 76' lang='grc' dir='ltr'>ἔστιν</span> <span class='ocrx_word' id='word_1_98' title='bbox 895 1695 909 1750; x_wconf 80' lang='grc' dir='ltr'><strong>ὁ</strong></span> <span class='ocrx_word' id='word_1_99' title='bbox 929 1695 1044 1780; x_wconf 80' lang='grc' dir='ltr'>ψυχικὸς</span> <span class='ocrx_word' id='word_1_100' title='bbox 1061 1694 1106 1752; x_wconf 84' lang='grc' dir='ltr'>καί</span> <span class='ocrx_word' id='word_1_101' title='bbox 1129 1693 1245 1776; x_wconf 87' lang='grc' dir='ltr'>σώφρων</span> <span class='ocrx_word' id='word_1_102' title='bbox 1268 1693 1337 1776; x_wconf 79' lang='grc' dir='ltr'>έρως</span> <span class='ocrx_word' id='word_1_103' title='bbox 1363 1696 1492 1776; x_wconf 66' lang='grc' dir='ltr'>βούλεται</span> <span class='ocrx_word' id='word_1_104' title='bbox 1514 1696 1586 1772; x_wconf 83' lang='grc' dir='ltr'>αῦτῷ</span> 
     </span>
     <span class='ocr_line' id='line_1_12' title="bbox 470 1786 1584 1876; baseline 0.004 -28"><span class='ocrx_word' id='word_1_105' title='bbox 470 1786 636 1858; x_wconf 81' lang='grc' dir='ltr'>δοξαστικώς</span> <span class='ocrx_word' id='word_1_106' title='bbox 650 1790 779 1860; x_wconf 78' lang='grc' dir='ltr'>ἐπιδεῖξαι</span> <span class='ocrx_word' id='word_1_107' title='bbox 793 1791 834 1851; x_wconf 72' lang='grc' dir='ltr'>ὅτι</span> <span class='ocrx_word' id='word_1_108' title='bbox 845 1788 901 1850; x_wconf 84' lang='grc' dir='ltr'>ἔστι</span> <span class='ocrx_word' id='word_1_109' title='bbox 914 1797 1022 1873; x_wconf 81' lang='grc' dir='ltr'>πρῶτον</span> <span class='ocrx_word' id='word_1_110' title='bbox 1040 1798 1163 1859; x_wconf 88' lang='grc' dir='ltr'>τοιοῦτος</span> <span class='ocrx_word' id='word_1_111' title='bbox 1183 1791 1251 1872; x_wconf 82' lang='grc' dir='ltr'>ἔρως</span> <span class='ocrx_word' id='word_1_112' title='bbox 1270 1795 1386 1876; x_wconf 78' lang='grc' dir='ltr'>σώφρων</span> <span class='ocrx_word' id='word_1_113' title='bbox 1400 1797 1444 1853; x_wconf 87' lang='grc' dir='ltr'>καῖ</span> <span class='ocrx_word' id='word_1_114' title='bbox 1458 1797 1584 1872; x_wconf 83' lang='grc' dir='ltr'>κόσμιος,</span> 
     </span>
     <span class='ocr_line' id='line_1_13' title="bbox 468 1889 1586 1975; baseline 0.002 -27"><span class='ocrx_word' id='word_1_115' title='bbox 468 1889 513 1948; x_wconf 80' lang='grc' dir='ltr'>καί</span> <span class='ocrx_word' id='word_1_116' title='bbox 528 1890 644 1971; x_wconf 81' lang='grc' dir='ltr'>παράγει</span> <span class='ocrx_word' id='word_1_117' title='bbox 661 1890 764 1972; x_wconf 87' lang='grc' dir='ltr'>Σαπφὼ</span> <span class='ocrx_word' id='word_1_118' title='bbox 779 1893 824 1948; x_wconf 86' lang='grc' dir='ltr'>καὶ</span> <span class='ocrx_word' id='word_1_119' title='bbox 840 1891 1017 1972; x_wconf 76' lang='grc' dir='ltr'>’Δνακρέοντα</span> <span class='ocrx_word' id='word_1_120' title='bbox 1030 1893 1057 1948; x_wconf 83' lang='grc' dir='ltr'>οἳ</span> <span class='ocrx_word' id='word_1_121' title='bbox 1072 1891 1102 1949; x_wconf 77' lang='grc' dir='ltr'>ἐκ</span> <span class='ocrx_word' id='word_1_122' title='bbox 1113 1897 1168 1948; x_wconf 81' lang='grc' dir='ltr'>τῶν</span> <span class='ocrx_word' id='word_1_123' title='bbox 1184 1891 1210 1960; x_wconf 79' lang='grc' dir='ltr'>ἐξ</span> <span class='ocrx_word' id='word_1_124' title='bbox 1225 1891 1311 1950; x_wconf 85' lang='grc' dir='ltr'>άιδίσυ</span> <span class='ocrx_word' id='word_1_125' title='bbox 1332 1893 1540 1975; x_wconf 79' lang='grc' dir='ltr'>ἐνυπαρχόντων</span> <span class='ocrx_word' id='word_1_126' title='bbox 1560 1895 1586 1952; x_wconf 83' lang='grc' dir='ltr'>ἐν</span> 
     </span>
     <span class='ocr_line' id='line_1_14' title="bbox 468 1986 1586 2070; baseline 0.005 -26"><span class='ocrx_word' id='word_1_127' title='bbox 468 1993 528 2052; x_wconf 86' lang='grc' dir='ltr'>ταῖς</span> <span class='ocrx_word' id='word_1_128' title='bbox 548 1991 648 2068; x_wconf 78' lang='grc' dir='ltr'>ψυχαῖς</span> <span class='ocrx_word' id='word_1_129' title='bbox 670 1988 758 2046; x_wconf 79' lang='grc' dir='ltr'>αὐτῶν</span> <span class='ocrx_word' id='word_1_130' title='bbox 779 1987 838 2045; x_wconf 87' lang='grc' dir='ltr'>κατ’</span> <span class='ocrx_word' id='word_1_131' title='bbox 859 1987 952 2046; x_wconf 90' lang='grc' dir='ltr'>σῦσίαν</span> <span class='ocrx_word' id='word_1_132' title='bbox 974 1988 1067 2068; x_wconf 82' lang='grc' dir='ltr'>λόγων</span> <span class='ocrx_word' id='word_1_133' title='bbox 1088 1989 1118 2046; x_wconf 76' lang='grc' dir='ltr'>ἐκ</span> <span class='ocrx_word' id='word_1_134' title='bbox 1138 1994 1186 2046; x_wconf 88' lang='grc' dir='ltr'>τοῦ</span> <span class='ocrx_word' id='word_1_135' title='bbox 1208 1986 1378 2070; x_wconf 79' lang='grc' dir='ltr'>δημιουργοῦ</span> <span class='ocrx_word' id='word_1_136' title='bbox 1399 1987 1586 2070; x_wconf 78' lang='grc' dir='ltr'>προῦαλόντες</span> 
     </span>
     <span class='ocr_line' id='line_1_15' title="bbox 469 2084 1586 2166; baseline 0.005 -24"><span class='ocrx_word' id='word_1_137' title='bbox 469 2084 564 2151; x_wconf 82' lang='grc' dir='ltr'>αῦτοῦς</span> <span class='ocrx_word' id='word_1_138' title='bbox 577 2086 636 2144; x_wconf 84' lang='grc' dir='ltr'>κατ’</span> <span class='ocrx_word' id='word_1_139' title='bbox 651 2085 798 2166; x_wconf 76' lang='grc' dir='ltr'>ἐνέργειαν,</span> <span class='ocrx_word' id='word_1_140' title='bbox 814 2087 1022 2162; x_wconf 82' lang='grc' dir='ltr'>κατεκόσμησαν</span> <span class='ocrx_word' id='word_1_141' title='bbox 1035 2089 1087 2158; x_wconf 78' lang='grc' dir='ltr'>τήν</span> <span class='ocrx_word' id='word_1_142' title='bbox 1101 2089 1205 2146; x_wconf 76' lang='grc' dir='ltr'>έαυτῦνν</span> <span class='ocrx_word' id='word_1_143' title='bbox 1221 2090 1305 2160; x_wconf 79' lang='grc' dir='ltr'>ζωήν.</span> <span class='ocrx_word' id='word_1_144' title='bbox 1322 2087 1395 2146; x_wconf 82' lang='grc' dir='ltr'>Ἐπεὶ</span> <span class='ocrx_word' id='word_1_145' title='bbox 1410 2087 1458 2146; x_wconf 81' lang='grc' dir='ltr'>οῦν</span> <span class='ocrx_word' id='word_1_146' title='bbox 1471 2091 1497 2146; x_wconf 91' lang='grc' dir='ltr'>ο1</span> <span class='ocrx_word' id='word_1_147' title='bbox 1518 2087 1586 2148; x_wconf 63' lang='grc' dir='ltr'>θεο-</span> 
     </span>
    </p>

    <p class='ocr_par' dir='ltr' id='par_1_6' title="bbox 409 2183 1588 2564">
     <span class='ocr_line' id='line_1_16' title="bbox 409 2183 1587 2268; baseline 0.003 -26"><span class='ocrx_word' id='word_1_148' title='bbox 409 2192 438 2242; x_wconf 86' lang='grc'>15</span> <span class='ocrx_word' id='word_1_149' title='bbox 471 2187 551 2265; x_wconf 80' lang='grc' dir='ltr'>λόγοι</span> <span class='ocrx_word' id='word_1_150' title='bbox 572 2185 610 2249; x_wconf 85' lang='grc' dir='ltr'>είς</span> <span class='ocrx_word' id='word_1_151' title='bbox 630 2183 709 2266; x_wconf 73' lang='grc' dir='ltr'>ἄρρεν</span> <span class='ocrx_word' id='word_1_152' title='bbox 729 2185 774 2242; x_wconf 69' lang='grc' dir='ltr'>καί1</span> <span class='ocrx_word' id='word_1_153' title='bbox 795 2183 873 2257; x_wconf 60' lang='grc' dir='ltr'>θῆλυ</span> <span class='ocrx_word' id='word_1_154' title='bbox 896 2183 1027 2265; x_wconf 87' lang='grc' dir='ltr'>διαιροῦσι</span> <span class='ocrx_word' id='word_1_155' title='bbox 1048 2190 1111 2249; x_wconf 89' lang='grc' dir='ltr'>τοῦς</span> <span class='ocrx_word' id='word_1_156' title='bbox 1132 2183 1216 2252; x_wconf 62' lang='grc' dir='ltr'>θεοὺς</span> <span class='ocrx_word' id='word_1_157' title='bbox 1233 2186 1278 2243; x_wconf 84' lang='grc' dir='ltr'>καὶ</span> <span class='ocrx_word' id='word_1_158' title='bbox 1298 2191 1354 2244; x_wconf 82' lang='grc' dir='ltr'>τῶν</span> <span class='ocrx_word' id='word_1_159' title='bbox 1373 2191 1468 2268; x_wconf 82' lang='grc' dir='ltr'>ψυχῶν</span> <span class='ocrx_word' id='word_1_160' title='bbox 1488 2189 1517 2245; x_wconf 81' lang='grc' dir='ltr'>αῖ</span> <span class='ocrx_word' id='word_1_161' title='bbox 1538 2189 1587 2262; x_wconf 77' lang='grc' dir='ltr'>μέν</span> 
     </span>
     <span class='ocr_line' id='line_1_17' title="bbox 468 2280 1587 2365; baseline -0.004 -19"><span class='ocrx_word' id='word_1_162' title='bbox 468 2285 560 2346; x_wconf 82' lang='grc' dir='ltr'>τοῖσδε</span> <span class='ocrx_word' id='word_1_163' title='bbox 575 2287 603 2342; x_wconf 83' lang='grc' dir='ltr'>αῖ</span> <span class='ocrx_word' id='word_1_164' title='bbox 617 2282 646 2342; x_wconf 75' lang='grc' dir='ltr'>δέ</span> <span class='ocrx_word' id='word_1_165' title='bbox 659 2281 750 2342; x_wconf 88' lang='grc' dir='ltr'>τοῖσδε</span> <span class='ocrx_word' id='word_1_166' title='bbox 764 2285 931 2364; x_wconf 84' lang='grc' dir='ltr'>προσήκουσι</span> <span class='ocrx_word' id='word_1_167' title='bbox 945 2289 999 2340; x_wconf 82' lang='grc' dir='ltr'>τῶν</span> <span class='ocrx_word' id='word_1_168' title='bbox 1013 2280 1103 2357; x_wconf 62' lang='grc' dir='ltr'>θεῶν,</span> <span class='ocrx_word' id='word_1_169' title='bbox 1116 2285 1154 2348; x_wconf 89' lang='grc' dir='ltr'>ώς</span> <span class='ocrx_word' id='word_1_170' title='bbox 1169 2285 1215 2340; x_wconf 85' lang='grc' dir='ltr'>καὶ</span> <span class='ocrx_word' id='word_1_171' title='bbox 1229 2283 1257 2342; x_wconf 84' lang='grc' dir='ltr'>έν</span> <span class='ocrx_word' id='word_1_172' title='bbox 1276 2285 1456 2362; x_wconf 79' lang='grc' dir='ltr'>Συμποσίῳ</span> <span class='ocrx_word' id='word_1_173' title='bbox 1474 2283 1587 2365; x_wconf 69' lang='grc' dir='ltr'>εἴρηκεν</span> 
     </span>
     <span class='ocr_line' id='line_1_18' title="bbox 468 2379 1588 2465; baseline -0.004 -21"><span class='ocrx_word' id='word_1_174' title='bbox 468 2385 496 2446; x_wconf 83' lang='grc' dir='ltr'>έν</span> <span class='ocrx_word' id='word_1_175' title='bbox 514 2391 553 2462; x_wconf 79' lang='grc' dir='ltr'>τῷ</span> <span class='ocrx_word' id='word_1_176' title='bbox 568 2383 774 2465; x_wconf 85' lang='grc' dir='ltr'>’Δριστοφάνους</span> <span class='ocrx_word' id='word_1_177' title='bbox 795 2381 882 2460; x_wconf 84' lang='grc' dir='ltr'>λόγῳ,</span> <span class='ocrx_word' id='word_1_178' title='bbox 906 2379 949 2440; x_wconf 75' lang='grc' dir='ltr'>διὰ</span> <span class='ocrx_word' id='word_1_179' title='bbox 967 2386 1048 2439; x_wconf 89' lang='grc' dir='ltr'>τοῦτο</span> <span class='ocrx_word' id='word_1_180' title='bbox 1067 2382 1112 2438; x_wconf 87' lang='grc' dir='ltr'>καί</span> <span class='ocrx_word' id='word_1_181' title='bbox 1133 2381 1213 2447; x_wconf 86' lang='grc' dir='ltr'>αῦτδς</span> <span class='ocrx_word' id='word_1_182' title='bbox 1230 2383 1333 2463; x_wconf 88' lang='grc' dir='ltr'>Σαπφὼ</span> <span class='ocrx_word' id='word_1_183' title='bbox 1353 2383 1398 2438; x_wconf 79' lang='grc' dir='ltr'>καὶ</span> <span class='ocrx_word' id='word_1_184' title='bbox 1413 2383 1588 2464; x_wconf 78' lang='grc' dir='ltr'>Ἀνακρέοντα</span> 
     </span>
     <span class='ocr_line' id='line_1_19' title="bbox 467 2476 1588 2564; baseline -0.004 -22"><span class='ocrx_word' id='word_1_185' title='bbox 467 2479 616 2564; x_wconf 82' lang='grc' dir='ltr'>παρέλαῦε,</span> <span class='ocrx_word' id='word_1_186' title='bbox 642 2482 693 2552; x_wconf 84' lang='grc' dir='ltr'>τήν</span> <span class='ocrx_word' id='word_1_187' title='bbox 717 2480 765 2556; x_wconf 73' lang='grc' dir='ltr'>μἐν</span> <span class='ocrx_word' id='word_1_188' title='bbox 786 2485 826 2555; x_wconf 81' lang='grc' dir='ltr'>τῷ</span> <span class='ocrx_word' id='word_1_189' title='bbox 846 2476 936 2552; x_wconf 63' lang='grc' dir='ltr'>θήλει</span> <span class='ocrx_word' id='word_1_190' title='bbox 956 2479 1119 2558; x_wconf 83' lang='grc' dir='ltr'>πρέπουσαν,</span> <span class='ocrx_word' id='word_1_191' title='bbox 1139 2479 1187 2536; x_wconf 85' lang='grc' dir='ltr'>τὸν</span> <span class='ocrx_word' id='word_1_192' title='bbox 1211 2478 1240 2536; x_wconf 76' lang='grc' dir='ltr'>δλ</span> <span class='ocrx_word' id='word_1_193' title='bbox 1262 2486 1302 2555; x_wconf 79' lang='grc' dir='ltr'>τῷ</span> <span class='ocrx_word' id='word_1_194' title='bbox 1323 2479 1423 2560; x_wconf 78' lang='grc' dir='ltr'>ἄρρενι.</span> <span class='ocrx_word' id='word_1_195' title='bbox 1443 2482 1536 2538; x_wconf 87' lang='grc' dir='ltr'>-Τὸ</span> <span class='ocrx_word' id='word_1_196' title='bbox 1559 2479 1588 2538; x_wconf 74' lang='grc' dir='ltr'>δὲ</span> 
     </span>
    </p>

    <p class='ocr_par' dir='ltr' id='par_1_7' title="bbox 334 2576 1588 3150">
     <span class='ocr_line' id='line_1_20' title="bbox 334 2576 1587 2662; baseline -0.005 -22"><span class='ocrx_word' id='word_1_197' title='bbox 334 2647 343 2662; x_wconf 36' lang='grc' dir='ltr'>ι</span> <span class='ocrx_word' id='word_1_198' title='bbox 467 2581 607 2640; x_wconf 86' lang='grc' dir='ltr'>παλαιοί</span> <span class='ocrx_word' id='word_1_199' title='bbox 625 2581 655 2637; x_wconf 85' lang='grc' dir='ltr'>τὸ</span> <span class='ocrx_word' id='word_1_200' title='bbox 677 2576 762 2636; x_wconf 82' lang='grc' dir='ltr'>ἀίδιον</span> <span class='ocrx_word' id='word_1_201' title='bbox 780 2579 826 2636; x_wconf 82' lang='grc' dir='ltr'>καῖ</span> <span class='ocrx_word' id='word_1_202' title='bbox 844 2579 896 2660; x_wconf 87' lang='grc' dir='ltr'>πρὸ</span> <span class='ocrx_word' id='word_1_203' title='bbox 915 2578 1016 2660; x_wconf 84' lang='grc' dir='ltr'>χρόνου</span> <span class='ocrx_word' id='word_1_204' title='bbox 1035 2578 1136 2642; x_wconf 86' lang='grc' dir='ltr'>παντὸς</span> <span class='ocrx_word' id='word_1_205' title='bbox 1157 2577 1295 2652; x_wconf 79' lang='grc' dir='ltr'>σημαίνει·</span> <span class='ocrx_word' id='word_1_206' title='bbox 1320 2579 1348 2658; x_wconf 83' lang='grc' dir='ltr'>(υ</span> <span class='ocrx_word' id='word_1_207' title='bbox 1364 2578 1506 2644; x_wconf 84' lang='grc' dir='ltr'>παλαιὸς</span> <span class='ocrx_word' id='word_1_208' title='bbox 1529 2577 1587 2654; x_wconf 76' lang='grc' dir='ltr'>μέν</span> 
     </span>
     <span class='ocr_line' id='line_1_21' title="bbox 404 2669 1586 2756; baseline -0.005 -18"><span class='ocrx_word' id='word_1_209' title='bbox 404 2687 437 2739; x_wconf 81' lang='lat'>20</span> <span class='ocrx_word' id='word_1_210' title='bbox 468 2679 524 2736; x_wconf 84' lang='grc' dir='ltr'>σῦν</span> <span class='ocrx_word' id='word_1_211' title='bbox 544 2679 612 2736; x_wconf 87' lang='grc' dir='ltr'>έστί</span> <span class='ocrx_word' id='word_1_212' title='bbox 631 2699 681 2741; x_wconf 88' lang='grc' dir='ltr'>τις</span> <span class='ocrx_word' id='word_1_213' title='bbox 702 2677 816 2754; x_wconf 86' lang='grc' dir='ltr'>λόγος,</span> <span class='ocrx_word' id='word_1_214' title='bbox 834 2699 849 2730; x_wconf 81' lang='grc' dir='ltr'>ιι</span> <span class='ocrx_word' id='word_1_215' title='bbox 870 2677 952 2756; x_wconf 89' lang='grc' dir='ltr'>φησὶν</span> <span class='ocrx_word' id='word_1_216' title='bbox 971 2675 999 2732; x_wconf 88' lang='grc' dir='ltr'>έν</span> <span class='ocrx_word' id='word_1_217' title='bbox 1017 2673 1177 2754; x_wconf 80' lang='grc' dir='ltr'>Φαίδωνι)</span> <span class='ocrx_word' id='word_1_218' title='bbox 1193 2675 1235 2732; x_wconf 81' lang='grc' dir='ltr'>δτι</span> <span class='ocrx_word' id='word_1_219' title='bbox 1251 2669 1279 2740; x_wconf 78' lang='grc' dir='ltr'>ἐξ</span> <span class='ocrx_word' id='word_1_220' title='bbox 1292 2673 1380 2732; x_wconf 83' lang='grc' dir='ltr'>ἀιδίου</span> <span class='ocrx_word' id='word_1_221' title='bbox 1395 2675 1466 2734; x_wconf 76' lang='grc' dir='ltr'>ἐστὶν</span> <span class='ocrx_word' id='word_1_222' title='bbox 1481 2676 1508 2732; x_wconf 87' lang='grc' dir='ltr'>έν</span> <span class='ocrx_word' id='word_1_223' title='bbox 1526 2681 1586 2739; x_wconf 88' lang='grc' dir='ltr'>ταῖς</span> 
     </span>
     <span class='ocr_line' id='line_1_22' title="bbox 468 2771 1586 2858; baseline -0.002 -25"><span class='ocrx_word' id='word_1_224' title='bbox 468 2781 568 2858; x_wconf 80' lang='grc' dir='ltr'>ψυχαῖς</span> <span class='ocrx_word' id='word_1_225' title='bbox 582 2777 596 2832; x_wconf 85' lang='grc' dir='ltr'>ὁ</span> <span class='ocrx_word' id='word_1_226' title='bbox 612 2775 727 2856; x_wconf 81' lang='grc' dir='ltr'>σώφρων</span> <span class='ocrx_word' id='word_1_227' title='bbox 742 2771 822 2854; x_wconf 75' lang='grc' dir='ltr'>ἔρως.</span> <span class='ocrx_word' id='word_1_228' title='bbox 838 2773 889 2832; x_wconf 79' lang='grc' dir='ltr'>Καὶ</span> <span class='ocrx_word' id='word_1_229' title='bbox 905 2775 920 2830; x_wconf 83' lang='grc' dir='ltr'><strong>ὁ</strong></span> <span class='ocrx_word' id='word_1_230' title='bbox 937 2773 986 2849; x_wconf 81' lang='grc' dir='ltr'>μὶν</span> <span class='ocrx_word' id='word_1_231' title='bbox 1001 2771 1118 2854; x_wconf 82' lang='grc' dir='ltr'>Φαῖδρος</span> <span class='ocrx_word' id='word_1_232' title='bbox 1132 2775 1179 2832; x_wconf 81' lang='grc' dir='ltr'>άτε</span> <span class='ocrx_word' id='word_1_233' title='bbox 1194 2778 1228 2850; x_wconf 80' lang='grc' dir='ltr'>τῇ</span> <span class='ocrx_word' id='word_1_234' title='bbox 1244 2773 1367 2847; x_wconf 78' lang='grc' dir='ltr'>αἰσθήσει</span> <span class='ocrx_word' id='word_1_235' title='bbox 1383 2775 1428 2831; x_wconf 83' lang='grc' dir='ltr'>καὶ</span> <span class='ocrx_word' id='word_1_236' title='bbox 1448 2780 1503 2839; x_wconf 90' lang='grc' dir='ltr'>τοῖς</span> <span class='ocrx_word' id='word_1_237' title='bbox 1522 2775 1586 2831; x_wconf 82' lang='grc' dir='ltr'>ἀτό-</span> 
     </span>
     <span class='ocr_line' id='line_1_23' title="bbox 469 2871 1588 2954; baseline -0.003 -21"><span class='ocrx_word' id='word_1_238' title='bbox 469 2898 530 2951; x_wconf 89' lang='grc' dir='ltr'>μοις</span> <span class='ocrx_word' id='word_1_239' title='bbox 545 2872 776 2954; x_wconf 82' lang='grc' dir='ltr'>συντεθραμμένος</span> <span class='ocrx_word' id='word_1_240' title='bbox 790 2873 888 2952; x_wconf 81' lang='grc' dir='ltr'>έρωτᾷ·</span> <span class='ocrx_word' id='word_1_241' title='bbox 907 2896 921 2926; x_wconf 81' lang='grc' dir='ltr'>ιι</span> <span class='ocrx_word' id='word_1_242' title='bbox 940 2871 1029 2936; x_wconf 87' lang='grc' dir='ltr'>τίνες</span> <span class='ocrx_word' id='word_1_243' title='bbox 1048 2873 1142 2929; x_wconf 86' lang='grc' dir='ltr'>οῦτοι</span> <span class='ocrx_word' id='word_1_244' title='bbox 1156 2872 1210 2928; x_wconf 86' lang='grc' dir='ltr'>καί</span> <span class='ocrx_word' id='word_1_245' title='bbox 1224 2877 1301 2946; x_wconf 88' lang='grc' dir='ltr'>ποῦ;</span> <span class='ocrx_word' id='word_1_246' title='bbox 1320 2895 1334 2928; x_wconf 79' lang='grc' dir='ltr'>α</span> <span class='ocrx_word' id='word_1_247' title='bbox 1351 2872 1380 2928; x_wconf 87' lang='grc' dir='ltr'><strong>Ὁ</strong></span> <span class='ocrx_word' id='word_1_248' title='bbox 1395 2871 1424 2930; x_wconf 77' lang='grc' dir='ltr'>δέ</span> <span class='ocrx_word' id='word_1_249' title='bbox 1439 2873 1588 2952; x_wconf 81' lang='grc' dir='ltr'>Σωκράτης</span> 
     </span>
     <span class='ocr_line' id='line_1_24' title="bbox 466 2967 1588 3051; baseline -0.001 -22"><span class='ocrx_word' id='word_1_250' title='bbox 466 2970 545 3038; x_wconf 76' lang='grc' dir='ltr'>εἰδὼς</span> <span class='ocrx_word' id='word_1_251' title='bbox 569 2972 611 3029; x_wconf 79' lang='grc' dir='ltr'>ὅτι</span> <span class='ocrx_word' id='word_1_252' title='bbox 637 2972 690 3050; x_wconf 87' lang='grc' dir='ltr'>πρὸ</span> <span class='ocrx_word' id='word_1_253' title='bbox 714 2971 813 3051; x_wconf 81' lang='grc' dir='ltr'>χρόνου</span> <span class='ocrx_word' id='word_1_254' title='bbox 836 2969 935 3034; x_wconf 76' lang='grc' dir='ltr'>παντός</span> <span class='ocrx_word' id='word_1_255' title='bbox 961 2969 1031 3026; x_wconf 77' lang='grc' dir='ltr'>ἐστιν</span> <span class='ocrx_word' id='word_1_256' title='bbox 1053 2972 1072 3041; x_wconf 85' lang='grc' dir='ltr'>ή</span> <span class='ocrx_word' id='word_1_257' title='bbox 1096 2969 1208 3042; x_wconf 79' lang='grc' dir='ltr'>τοιαύτη</span> <span class='ocrx_word' id='word_1_258' title='bbox 1231 2969 1309 3026; x_wconf 88' lang='grc' dir='ltr'>οῦσία</span> <span class='ocrx_word' id='word_1_259' title='bbox 1332 2970 1379 3028; x_wconf 86' lang='grc' dir='ltr'>καὶ</span> <span class='ocrx_word' id='word_1_260' title='bbox 1403 2967 1517 3046; x_wconf 82' lang='grc' dir='ltr'>δῦναμις</span> <span class='ocrx_word' id='word_1_261' title='bbox 1539 2977 1588 3041; x_wconf 82' lang='grc' dir='ltr'>τῆς</span> 
     </span>
     <span class='ocr_line' id='line_1_25' title="bbox 465 3063 1585 3150; baseline -0.004 -22"><span class='ocrx_word' id='word_1_262' title='bbox 465 3075 556 3150; x_wconf 81' lang='grc' dir='ltr'>ψυχῆς</span> <span class='ocrx_word' id='word_1_263' title='bbox 575 3072 593 3142; x_wconf 88' lang='grc' dir='ltr'>ή</span> <span class='ocrx_word' id='word_1_264' title='bbox 617 3069 686 3127; x_wconf 76' lang='grc' dir='ltr'>κατά</span> <span class='ocrx_word' id='word_1_265' title='bbox 709 3069 755 3125; x_wconf 81' lang='grc' dir='ltr'>τὸν</span> <span class='ocrx_word' id='word_1_266' title='bbox 781 3069 863 3144; x_wconf 85' lang='grc' dir='ltr'>μέσον</span> <span class='ocrx_word' id='word_1_267' title='bbox 886 3067 953 3132; x_wconf 81' lang='grc' dir='ltr'>τέως</span> <span class='ocrx_word' id='word_1_268' title='bbox 976 3063 1063 3147; x_wconf 73' lang='grc' dir='ltr'>ἔρωτα</span> <span class='ocrx_word' id='word_1_269' title='bbox 1083 3067 1129 3124; x_wconf 87' lang='grc' dir='ltr'>τὸν</span> <span class='ocrx_word' id='word_1_270' title='bbox 1154 3067 1269 3148; x_wconf 85' lang='grc' dir='ltr'>ψυχικὸν</span> <span class='ocrx_word' id='word_1_271' title='bbox 1291 3067 1337 3123; x_wconf 79' lang='grc' dir='ltr'>καί</span> <span class='ocrx_word' id='word_1_272' title='bbox 1360 3067 1486 3149; x_wconf 88' lang='grc' dir='ltr'>σώφρονά</span> <span class='ocrx_word' id='word_1_273' title='bbox 1507 3089 1585 3148; x_wconf 86' lang='grc' dir='ltr'>φησι·</span> 
     </span>
    </p>

    <p class='ocr_par' dir='ltr' id='par_1_8' title="bbox 404 3163 1586 3543">
     <span class='ocr_line' id='line_1_26' title="bbox 404 3163 1586 3246; baseline -0.003 -21"><span class='ocrx_word' id='word_1_274' title='bbox 404 3175 435 3225; x_wconf 82' lang='lat'>25</span> <span class='ocrx_word' id='word_1_275' title='bbox 469 3174 559 3226; x_wconf 88' lang='grc' dir='ltr'>«νῦν</span> <span class='ocrx_word' id='word_1_276' title='bbox 584 3169 640 3243; x_wconf 78' lang='grc' dir='ltr'>μέν</span> <span class='ocrx_word' id='word_1_277' title='bbox 665 3167 769 3232; x_wconf 75' lang='grc' dir='ltr'>οὕτως</span> <span class='ocrx_word' id='word_1_278' title='bbox 795 3166 853 3223; x_wconf 85' lang='grc' dir='ltr'>οὐκ</span> <span class='ocrx_word' id='word_1_279' title='bbox 876 3164 942 3246; x_wconf 72' lang='grc' dir='ltr'>ἔχω</span> <span class='ocrx_word' id='word_1_280' title='bbox 966 3187 1008 3223; x_wconf 86' lang='grc' dir='ltr'>σοι</span> <span class='ocrx_word' id='word_1_281' title='bbox 1031 3166 1153 3223; x_wconf 76' lang='grc' dir='ltr'>εἰπεῖν·</span> <span class='ocrx_word' id='word_1_282' title='bbox 1175 3188 1189 3220; x_wconf 83' lang='grc' dir='ltr'>ν</span> <span class='ocrx_word' id='word_1_283' title='bbox 1213 3165 1244 3222; x_wconf 86' lang='grc' dir='ltr'>οῦ</span> <span class='ocrx_word' id='word_1_284' title='bbox 1266 3166 1318 3245; x_wconf 81' lang='grc' dir='ltr'>γάρ</span> <span class='ocrx_word' id='word_1_285' title='bbox 1338 3163 1408 3223; x_wconf 76' lang='grc' dir='ltr'>ἔστιν</span> <span class='ocrx_word' id='word_1_286' title='bbox 1431 3166 1586 3244; x_wconf 82' lang='grc' dir='ltr'>ἀνενεγκεῖν</span> 
     </span>
     <span class='ocr_line' id='line_1_27' title="bbox 465 3259 1586 3348; baseline -0.004 -24"><span class='ocrx_word' id='word_1_287' title='bbox 465 3268 565 3348; x_wconf 83' lang='grc' dir='ltr'>χρόνον</span> <span class='ocrx_word' id='word_1_288' title='bbox 582 3259 609 3334; x_wconf 75' lang='grc' dir='ltr'>ἐξ</span> <span class='ocrx_word' id='word_1_289' title='bbox 623 3267 654 3324; x_wconf 91' lang='grc' dir='ltr'>οῦ</span> <span class='ocrx_word' id='word_1_290' title='bbox 668 3271 753 3323; x_wconf 87' lang='grc' dir='ltr'>ταῦτα</span> <span class='ocrx_word' id='word_1_291' title='bbox 768 3263 879 3345; x_wconf 78' lang='grc' dir='ltr'>ἔχομεν·</span> <span class='ocrx_word' id='word_1_292' title='bbox 897 3263 998 3322; x_wconf 83' lang='grc' dir='ltr'>διὸκαὶ</span> <span class='ocrx_word' id='word_1_293' title='bbox 1014 3266 1029 3320; x_wconf 84' lang='grc' dir='ltr'><strong>ὁ</strong></span> <span class='ocrx_word' id='word_1_294' title='bbox 1048 3259 1222 3335; x_wconf 80' lang='grc' dir='ltr'>’Δλκιῦιάδης</span> <span class='ocrx_word' id='word_1_295' title='bbox 1234 3263 1285 3320; x_wconf 83' lang='grc' dir='ltr'>οὐκ</span> <span class='ocrx_word' id='word_1_296' title='bbox 1302 3259 1361 3343; x_wconf 74' lang='grc' dir='ltr'>ἔχει</span> <span class='ocrx_word' id='word_1_297' title='bbox 1380 3264 1480 3344; x_wconf 82' lang='grc' dir='ltr'>χρόνον</span> <span class='ocrx_word' id='word_1_298' title='bbox 1498 3264 1586 3322; x_wconf 78' lang='grc' dir='ltr'>εἰπεῖν</span> 
     </span>
     <span class='ocr_line' id='line_1_28' title="bbox 466 3354 1586 3444; baseline -0.004 -22"><span class='ocrx_word' id='word_1_299' title='bbox 466 3365 531 3440; x_wconf 79' lang='grc' dir='ltr'>1νῷ</span> <span class='ocrx_word' id='word_1_300' title='bbox 546 3361 629 3439; x_wconf 82' lang='grc' dir='ltr'>ἔμαθε</span> <span class='ocrx_word' id='word_1_301' title='bbox 644 3364 677 3420; x_wconf 76' lang='grc' dir='ltr'>τά</span> <span class='ocrx_word' id='word_1_302' title='bbox 692 3361 790 3434; x_wconf 87' lang='grc' dir='ltr'>δίκαια,</span> <span class='ocrx_word' id='word_1_303' title='bbox 808 3361 851 3419; x_wconf 73' lang='grc' dir='ltr'>διὰ</span> <span class='ocrx_word' id='word_1_304' title='bbox 865 3363 896 3418; x_wconf 88' lang='grc' dir='ltr'>τὸ</span> <span class='ocrx_word' id='word_1_305' title='bbox 912 3354 940 3427; x_wconf 77' lang='grc' dir='ltr'>ἐξ</span> <span class='ocrx_word' id='word_1_306' title='bbox 953 3359 1042 3418; x_wconf 80' lang='grc' dir='ltr'>ἀιδίου</span> <span class='ocrx_word' id='word_1_307' title='bbox 1056 3363 1107 3442; x_wconf 86' lang='grc' dir='ltr'>πρὸ</span> <span class='ocrx_word' id='word_1_308' title='bbox 1121 3362 1223 3443; x_wconf 82' lang='grc' dir='ltr'>χρόνον</span> <span class='ocrx_word' id='word_1_309' title='bbox 1237 3363 1339 3426; x_wconf 84' lang='grc' dir='ltr'>παντὸς</span> <span class='ocrx_word' id='word_1_310' title='bbox 1362 3363 1504 3444; x_wconf 83' lang='grc' dir='ltr'>είληφέναι</span> <span class='ocrx_word' id='word_1_311' title='bbox 1518 3361 1586 3418; x_wconf 80' lang='grc' dir='ltr'>αὐτὰ</span> 
     </span>
     <span class='ocr_line' id='line_1_29' title="bbox 465 3457 1583 3543; baseline 0 -23"><span class='ocrx_word' id='word_1_312' title='bbox 465 3465 538 3543; x_wconf 81' lang='grc' dir='ltr'>παρὰ</span> <span class='ocrx_word' id='word_1_313' title='bbox 557 3467 605 3519; x_wconf 88' lang='grc' dir='ltr'>τοῦ</span> <span class='ocrx_word' id='word_1_314' title='bbox 627 3459 793 3540; x_wconf 78' lang='grc' dir='ltr'>δημιουργοῦ</span> <span class='ocrx_word' id='word_1_315' title='bbox 815 3462 866 3530; x_wconf 86' lang='grc' dir='ltr'>τήν</span> <span class='ocrx_word' id='word_1_316' title='bbox 887 3463 989 3541; x_wconf 90' lang='grc' dir='ltr'>ψυχήν.</span> <span class='ocrx_word' id='word_1_317' title='bbox 1014 3459 1088 3518; x_wconf 82' lang='grc' dir='ltr'>Ἐπεί</span> <span class='ocrx_word' id='word_1_318' title='bbox 1107 3459 1136 3517; x_wconf 77' lang='grc' dir='ltr'>δὲ</span> <span class='ocrx_word' id='word_1_319' title='bbox 1157 3458 1184 3517; x_wconf 85' lang='grc' dir='ltr'>έν</span> <span class='ocrx_word' id='word_1_320' title='bbox 1204 3466 1260 3526; x_wconf 90' lang='grc' dir='ltr'>τοῖς</span> <span class='ocrx_word' id='word_1_321' title='bbox 1282 3457 1344 3532; x_wconf 73' lang='grc' dir='ltr'>ἑξῆς</span> <span class='ocrx_word' id='word_1_322' title='bbox 1368 3479 1383 3520; x_wconf 87' lang='grc'>11</span> <span class='ocrx_word' id='word_1_323' title='bbox 1399 3461 1435 3518; x_wconf 82' lang='grc' dir='ltr'>τὸ</span> <span class='ocrx_word' id='word_1_324' title='bbox 1453 3457 1550 3518; x_wconf 62' lang='grc' dir='ltr'>θεῖον</span> <span class='ocrx_word' id='word_1_325' title='bbox 1566 3479 1583 3520; x_wconf 80' lang='grc' dir='ltr'>ι)</span> 
     </span>
    </p>
   </div>
   <div class='ocr_carea' id='block_1_5' title="bbox 467 3555 1583 3643">
    <p class='ocr_par' dir='ltr' id='par_1_9' title="bbox 467 3555 1583 3643">
     <span class='ocr_line' id='line_1_30' title="bbox 467 3555 1583 3643; baseline -0.002 -25"><span class='ocrx_word' id='word_1_326' title='bbox 467 3563 548 3643; x_wconf 83' lang='grc' dir='ltr'>φησίν</span> <span class='ocrx_word' id='word_1_327' title='bbox 571 3583 586 3616; x_wconf 93' lang='lat'>«</span> <span class='ocrx_word' id='word_1_328' title='bbox 602 3562 686 3617; x_wconf 84' lang='grc' dir='ltr'>άπαν</span> <span class='ocrx_word' id='word_1_329' title='bbox 708 3559 777 3616; x_wconf 81' lang='grc' dir='ltr'>ἐστὶ</span> <span class='ocrx_word' id='word_1_330' title='bbox 798 3557 913 3630; x_wconf 85' lang='grc' dir='ltr'>καλὸν,</span> <span class='ocrx_word' id='word_1_331' title='bbox 935 3558 1047 3638; x_wconf 89' lang='grc' dir='ltr'>σοφὸν,</span> <span class='ocrx_word' id='word_1_332' title='bbox 1068 3558 1205 3636; x_wconf 83' lang='grc' dir='ltr'>άγαδδν,</span> <span class='ocrx_word' id='word_1_333' title='bbox 1223 3581 1238 3614; x_wconf 83' lang='grc' dir='ltr'>ι)</span> <span class='ocrx_word' id='word_1_334' title='bbox 1253 3558 1362 3616; x_wconf 87' lang='grc' dir='ltr'>πάντων</span> <span class='ocrx_word' id='word_1_335' title='bbox 1375 3555 1435 3630; x_wconf 78' lang='grc' dir='ltr'>δέή</span> <span class='ocrx_word' id='word_1_336' title='bbox 1452 3559 1583 3637; x_wconf 80' lang='grc' dir='ltr'>ἀναγωγὴ</span> 
     </span>
    </p>
   </div>
   <div class='ocr_carea' id='block_1_6' title="bbox 405 3654 1585 3934">
    <p class='ocr_par' dir='ltr' id='par_1_10' title="bbox 405 3654 1585 3934">
     <span class='ocr_line' id='line_1_31' title="bbox 405 3654 1585 3736; baseline -0.002 -22"><span class='ocrx_word' id='word_1_337' title='bbox 405 3663 436 3714; x_wconf 85' lang='grc'>30</span> <span class='ocrx_word' id='word_1_338' title='bbox 466 3657 510 3716; x_wconf 84' lang='grc' dir='ltr'>έπί</span> <span class='ocrx_word' id='word_1_339' title='bbox 532 3658 563 3715; x_wconf 86' lang='grc' dir='ltr'>τὸ</span> <span class='ocrx_word' id='word_1_340' title='bbox 583 3657 675 3714; x_wconf 81' lang='grc' dir='ltr'>ἓνκαὶ</span> <span class='ocrx_word' id='word_1_341' title='bbox 698 3657 815 3736; x_wconf 83' lang='grc' dir='ltr'>τάγαθὸν</span> <span class='ocrx_word' id='word_1_342' title='bbox 836 3655 942 3734; x_wconf 87' lang='grc' dir='ltr'>γίνεται</span> <span class='ocrx_word' id='word_1_343' title='bbox 963 3654 1006 3712; x_wconf 75' lang='grc' dir='ltr'>διὰ</span> <span class='ocrx_word' id='word_1_344' title='bbox 1029 3659 1077 3712; x_wconf 88' lang='grc' dir='ltr'>τοῦ</span> <span class='ocrx_word' id='word_1_345' title='bbox 1098 3655 1185 3714; x_wconf 88' lang='grc' dir='ltr'>καλοῦ</span> <span class='ocrx_word' id='word_1_346' title='bbox 1208 3655 1254 3712; x_wconf 85' lang='grc' dir='ltr'>καὶ</span> <span class='ocrx_word' id='word_1_347' title='bbox 1275 3659 1323 3712; x_wconf 89' lang='grc' dir='ltr'>τοῦ</span> <span class='ocrx_word' id='word_1_348' title='bbox 1347 3659 1442 3736; x_wconf 84' lang='grc' dir='ltr'>σοφοῦ,</span> <span class='ocrx_word' id='word_1_349' title='bbox 1464 3655 1585 3712; x_wconf 88' lang='grc' dir='ltr'>τουτέστι</span> 
     </span>
     <span class='ocr_line' id='line_1_32' title="bbox 466 3752 1583 3835; baseline -0.002 -22"><span class='ocrx_word' id='word_1_350' title='bbox 466 3755 501 3814; x_wconf 84' lang='grc' dir='ltr'>δι’</span> <span class='ocrx_word' id='word_1_351' title='bbox 520 3755 650 3835; x_wconf 80' lang='grc' dir='ltr'>ἐρωτικῆς</span> <span class='ocrx_word' id='word_1_352' title='bbox 670 3755 716 3812; x_wconf 83' lang='grc' dir='ltr'>καὶ</span> <span class='ocrx_word' id='word_1_353' title='bbox 738 3753 898 3834; x_wconf 88' lang='grc' dir='ltr'>φιλοσοφίας</span> <span class='ocrx_word' id='word_1_354' title='bbox 920 3752 1032 3834; x_wconf 76' lang='grc' dir='ltr'>(τὸγὰρ</span> <span class='ocrx_word' id='word_1_355' title='bbox 1055 3755 1137 3835; x_wconf 88' lang='grc' dir='ltr'>σοφὸν</span> <span class='ocrx_word' id='word_1_356' title='bbox 1154 3753 1186 3810; x_wconf 85' lang='grc' dir='ltr'>τὸ</span> <span class='ocrx_word' id='word_1_357' title='bbox 1207 3755 1356 3834; x_wconf 84' lang='grc' dir='ltr'>γνωστικδν</span> <span class='ocrx_word' id='word_1_358' title='bbox 1377 3754 1508 3830; x_wconf 88' lang='grc' dir='ltr'>σημαίνει</span> <span class='ocrx_word' id='word_1_359' title='bbox 1528 3759 1583 3811; x_wconf 85' lang='grc' dir='ltr'>τῶν</span> 
     </span>
     <span class='ocr_line' id='line_1_33' title="bbox 466 3849 1584 3934; baseline -0.004 -21"><span class='ocrx_word' id='word_1_360' title='bbox 466 3853 556 3927; x_wconf 62' lang='grc' dir='ltr'>θεῶν,</span> <span class='ocrx_word' id='word_1_361' title='bbox 570 3853 661 3933; x_wconf 85' lang='grc' dir='ltr'>ώσιτερ</span> <span class='ocrx_word' id='word_1_362' title='bbox 673 3853 705 3910; x_wconf 86' lang='grc' dir='ltr'>τὸ</span> <span class='ocrx_word' id='word_1_363' title='bbox 719 3851 805 3910; x_wconf 88' lang='grc' dir='ltr'>καλὸν</span> <span class='ocrx_word' id='word_1_364' title='bbox 824 3852 875 3921; x_wconf 82' lang='grc' dir='ltr'>τήν</span> <span class='ocrx_word' id='word_1_365' title='bbox 893 3849 1059 3932; x_wconf 85' lang='grc' dir='ltr'>καλλονήν),</span> <span class='ocrx_word' id='word_1_366' title='bbox 1080 3850 1123 3910; x_wconf 77' lang='grc' dir='ltr'>διὰ</span> <span class='ocrx_word' id='word_1_367' title='bbox 1141 3857 1220 3910; x_wconf 89' lang='grc' dir='ltr'>τοῦτο</span> <span class='ocrx_word' id='word_1_368' title='bbox 1240 3851 1300 3910; x_wconf 80' lang='grc' dir='ltr'>εἶπε</span> <span class='ocrx_word' id='word_1_369' title='bbox 1321 3857 1507 3934; x_wconf 86' lang='grc' dir='ltr'>«Σαπφοῦς</span> <span class='ocrx_word' id='word_1_370' title='bbox 1525 3861 1584 3925; x_wconf 87' lang='grc' dir='ltr'>τῆς</span> 
     </span>
    </p>
   </div>
   <div class='ocr_carea' id='block_1_7' title="bbox 497 4071 1581 4128">
    <p class='ocr_par' dir='ltr' id='par_1_11' title="bbox 497 4071 1581 4128">
     <span class='ocr_line' id='line_1_34' title="bbox 497 4071 1581 4128; baseline 0.002 -2"><span class='ocrx_word' id='word_1_371' title='bbox 497 4075 529 4126; x_wconf 85' lang='grc'>16</span> <span class='ocrx_word' id='word_1_372' title='bbox 543 4073 652 4126; x_wconf 74' lang='grc' dir='ltr'>Οοιισίο.</span> <span class='ocrx_word' id='word_1_373' title='bbox 666 4071 713 4125; x_wconf 83' lang='grc'>190</span> <span class='ocrx_word' id='word_1_374' title='bbox 726 4074 748 4125; x_wconf 87' lang='grc' dir='ltr'><strong>Β</strong></span> <span class='ocrx_word' id='word_1_375' title='bbox 812 4071 843 4123; x_wconf 70' lang='lat'>20</span> <span class='ocrx_word' id='word_1_376' title='bbox 857 4071 1058 4124; x_wconf 69' lang='lat' dir='ltr'><em>Pkoedon.7oc</em></span> <span class='ocrx_word' id='word_1_377' title='bbox 1121 4073 1152 4124; x_wconf 78' lang='lat'>26</span> <span class='ocrx_word' id='word_1_378' title='bbox 1167 4071 1258 4124; x_wconf 82' lang='grc' dir='ltr'>Αίσίδ.</span> <span class='ocrx_word' id='word_1_379' title='bbox 1269 4073 1281 4124; x_wconf 92' lang='lat'>1</span> <span class='ocrx_word' id='word_1_380' title='bbox 1292 4073 1395 4126; x_wconf 82' lang='grc'>109-110</span> <span class='ocrx_word' id='word_1_381' title='bbox 1456 4075 1488 4127; x_wconf 76' lang='grc'>28</span> <span class='ocrx_word' id='word_1_382' title='bbox 1501 4075 1581 4128; x_wconf 78' lang='grc'>2461)</span> 
     </span>
    </p>
   </div>
   <div class='ocr_carea' id='block_1_8' title="bbox 465 4202 1583 4764">
    <p class='ocr_par' dir='ltr' id='par_1_12' title="bbox 467 4202 1583 4412">
     <span class='ocr_line' id='line_1_35' title="bbox 498 4202 1583 4271; baseline 0 -15"><span class='ocrx_word' id='word_1_383' title='bbox 498 4204 545 4257; x_wconf 79' lang='grc' dir='ltr'>ΝΟ</span> <span class='ocrx_word' id='word_1_384' title='bbox 565 4205 581 4257; x_wconf 78' lang='lat'>2</span> <span class='ocrx_word' id='word_1_385' title='bbox 597 4205 639 4256; x_wconf 86' lang='grc' dir='ltr'>καί</span> <span class='ocrx_word' id='word_1_386' title='bbox 655 4205 882 4270; x_wconf 83' lang='grc' dir='ltr'>άποτετσρνευμίνα</span> <span class='ocrx_word' id='word_1_387' title='bbox 896 4202 931 4252; x_wconf 78' lang='lat' dir='ltr'>cf.</span> <span class='ocrx_word' id='word_1_388' title='bbox 946 4203 986 4260; x_wconf 78' lang='grc'>41,</span> <span class='ocrx_word' id='word_1_389' title='bbox 1001 4202 1016 4251; x_wconf 79' lang='grc'><strong>4</strong></span> <span class='ocrx_word' id='word_1_390' title='bbox 1078 4202 1093 4252; x_wconf 73' lang='lat'>⁴</span> <span class='ocrx_word' id='word_1_391' title='bbox 1111 4202 1137 4254; x_wconf 78' lang='grc' dir='ltr'>δέ</span> <span class='ocrx_word' id='word_1_392' title='bbox 1152 4207 1214 4266; x_wconf 72' lang='lat' dir='ltr'><strong>post</strong></span> <span class='ocrx_word' id='word_1_393' title='bbox 1227 4203 1310 4268; x_wconf 72' lang='grc' dir='ltr'>ἐπειδὴ</span> <span class='ocrx_word' id='word_1_394' title='bbox 1325 4217 1379 4255; x_wconf 86' lang='lat' dir='ltr'>om.</span> <span class='ocrx_word' id='word_1_395' title='bbox 1399 4205 1429 4254; x_wconf 89' lang='lat' dir='ltr'>M</span> <span class='ocrx_word' id='word_1_396' title='bbox 1491 4205 1507 4255; x_wconf 78' lang='lat'><strong>5</strong></span> <span class='ocrx_word' id='word_1_397' title='bbox 1525 4209 1583 4271; x_wconf 82' lang='grc' dir='ltr'>μηδ’</span> 
     </span>
     <span class='ocr_line' id='line_1_36' title="bbox 467 4272 1582 4342; baseline -0.004 -12"><span class='ocrx_word' id='word_1_398' title='bbox 467 4277 497 4331; x_wconf 75' lang='grc' dir='ltr'>ἂν</span> <span class='ocrx_word' id='word_1_399' title='bbox 511 4275 565 4342; x_wconf 80' lang='grc' dir='ltr'>ένα]</span> <span class='ocrx_word' id='word_1_400' title='bbox 580 4277 674 4340; x_wconf 84' lang='grc' dir='ltr'>μηδένα</span> <span class='ocrx_word' id='word_1_401' title='bbox 693 4274 765 4326; x_wconf 76' lang='lat' dir='ltr'><strong>Plat.</strong></span> <span class='ocrx_word' id='word_1_402' title='bbox 788 4272 867 4324; x_wconf 76' lang='lat' dir='ltr'>codd.</span> <span class='ocrx_word' id='word_1_403' title='bbox 889 4273 947 4332; x_wconf 74' lang='lat' dir='ltr'>(sed</span> <span class='ocrx_word' id='word_1_404' title='bbox 967 4275 1023 4338; x_wconf 83' lang='grc' dir='ltr'>μηδ’</span> <span class='ocrx_word' id='word_1_405' title='bbox 1038 4273 1068 4326; x_wconf 80' lang='grc' dir='ltr'>ἂν</span> <span class='ocrx_word' id='word_1_406' title='bbox 1085 4285 1172 4338; x_wconf 70' lang='lat' dir='ltr'><strong>marg.</strong></span> <span class='ocrx_word' id='word_1_407' title='bbox 1184 4277 1222 4334; x_wconf 67' lang='lat' dir='ltr'>n:</span> <span class='ocrx_word' id='word_1_408' title='bbox 1240 4277 1321 4338; x_wconf 75' lang='grc' dir='ltr'>μηδέν’</span> <span class='ocrx_word' id='word_1_409' title='bbox 1337 4275 1366 4327; x_wconf 79' lang='grc' dir='ltr'>ἂν</span> <span class='ocrx_word' id='word_1_410' title='bbox 1382 4277 1446 4326; x_wconf 85' lang='grc' dir='ltr'>Α111.</span> <span class='ocrx_word' id='word_1_411' title='bbox 1460 4284 1487 4328; x_wconf 73' lang='lat' dir='ltr'>et</span> <span class='ocrx_word' id='word_1_412' title='bbox 1500 4277 1582 4328; x_wconf 77' lang='lat' dir='ltr'>odd.:</span> 
     </span>
     <span class='ocr_line' id='line_1_37' title="bbox 468 4343 1582 4412; baseline -0.002 -12"><span class='ocrx_word' id='word_1_413' title='bbox 468 4349 589 4400; x_wconf 80' lang='lat' dir='ltr'><strong>Hermiae</strong></span> <span class='ocrx_word' id='word_1_414' title='bbox 603 4346 683 4398; x_wconf 79' lang='lat' dir='ltr'><strong>lectio</strong></span> <span class='ocrx_word' id='word_1_415' title='bbox 699 4345 888 4410; x_wconf 78' lang='lat' dir='ltr'>praetorenda:</span> <span class='ocrx_word' id='word_1_416' title='bbox 904 4343 978 4405; x_wconf 81' lang='grc' dir='ltr'>ο1.2,</span> <span class='ocrx_word' id='word_1_417' title='bbox 993 4343 1024 4394; x_wconf 88' lang='grc'>16</span> <span class='ocrx_word' id='word_1_418' title='bbox 1088 4344 1225 4412; x_wconf 78' lang='grc' dir='ltr'>ἀνθρώπων</span> <span class='ocrx_word' id='word_1_419' title='bbox 1240 4357 1293 4396; x_wconf 88' lang='lat' dir='ltr'>om.</span> <span class='ocrx_word' id='word_1_420' title='bbox 1309 4345 1378 4398; x_wconf 81' lang='grc' dir='ltr'>Ρίει.</span> <span class='ocrx_word' id='word_1_421' title='bbox 1441 4348 1458 4397; x_wconf 87' lang='grc'><strong>6</strong></span> <span class='ocrx_word' id='word_1_422' title='bbox 1473 4348 1582 4400; x_wconf 54' lang='lat' dir='ltr'>ahto-§E</span> 
     </span>
    </p>

    <p class='ocr_par' dir='ltr' id='par_1_13' title="bbox 465 4415 1583 4764">
     <span class='ocr_line' id='line_1_38' title="bbox 529 4415 1581 4486; baseline -0.001 -15"><span class='ocrx_word' id='word_1_423' title='bbox 529 4419 559 4471; x_wconf 85' lang='grc' dir='ltr'>οῦ</span> <span class='ocrx_word' id='word_1_424' title='bbox 572 4418 631 4486; x_wconf 71' lang='grc' dir='ltr'>γάρ]</span> <span class='ocrx_word' id='word_1_425' title='bbox 651 4417 709 4470; x_wconf 74' lang='grc' dir='ltr'>οῦδὲ</span> <span class='ocrx_word' id='word_1_426' title='bbox 729 4417 756 4466; x_wconf 87' lang='grc' dir='ltr'><strong><em>Μ</em></strong></span> <span class='ocrx_word' id='word_1_427' title='bbox 820 4415 1082 4472; x_wconf 77' lang='grc' dir='ltr'>9παλαιοί,π1111)1.</span> <span class='ocrx_word' id='word_1_428' title='bbox 1098 4418 1122 4465; x_wconf 89' lang='grc' dir='ltr'>Α</span> <span class='ocrx_word' id='word_1_429' title='bbox 1186 4415 1218 4466; x_wconf 88' lang='grc'>10</span> <span class='ocrx_word' id='word_1_430' title='bbox 1233 4415 1320 4482; x_wconf 76' lang='grc' dir='ltr'>εἰπεῖν]</span> <span class='ocrx_word' id='word_1_431' title='bbox 1337 4423 1399 4486; x_wconf 78' lang='grc' dir='ltr'>ἐρεῖν</span> <span class='ocrx_word' id='word_1_432' title='bbox 1415 4419 1443 4468; x_wconf 87' lang='lat' dir='ltr'>M</span> <span class='ocrx_word' id='word_1_433' title='bbox 1508 4417 1581 4470; x_wconf 72' lang='grc'>13111</span> 
     </span>
     <span class='ocr_line' id='line_1_39' title="bbox 465 4487 1517 4557; baseline -0.002 -15"><span class='ocrx_word' id='word_1_434' title='bbox 465 4493 510 4544; x_wconf 80' lang='grc' dir='ltr'>τοῦ</span> <span class='ocrx_word' id='word_1_435' title='bbox 526 4493 680 4557; x_wconf 86' lang='grc' dir='ltr'>δημιουργοῦ</span> <span class='ocrx_word' id='word_1_436' title='bbox 695 4491 776 4553; x_wconf 80' lang='grc' dir='ltr'>λόγων</span> <span class='ocrx_word' id='word_1_437' title='bbox 794 4487 822 4537; x_wconf 86' lang='grc' dir='ltr'><strong><em>Μ</em></strong></span> <span class='ocrx_word' id='word_1_438' title='bbox 887 4487 917 4536; x_wconf 88' lang='grc'>16</span> <span class='ocrx_word' id='word_1_439' title='bbox 935 4489 979 4539; x_wconf 87' lang='grc' dir='ltr'>καί</span> <span class='ocrx_word' id='word_1_440' title='bbox 996 4491 1059 4538; x_wconf 77' lang='lat' dir='ltr'>anto</span> <span class='ocrx_word' id='word_1_441' title='bbox 1072 4491 1098 4538; x_wconf 87' lang='grc' dir='ltr'>έν</span> <span class='ocrx_word' id='word_1_442' title='bbox 1118 4500 1173 4538; x_wconf 86' lang='lat' dir='ltr'>om.</span> <span class='ocrx_word' id='word_1_443' title='bbox 1191 4487 1221 4537; x_wconf 88' lang='lat' dir='ltr'>M</span> <span class='ocrx_word' id='word_1_444' title='bbox 1285 4489 1315 4539; x_wconf 85' lang='lat'>17</span> <span class='ocrx_word' id='word_1_445' title='bbox 1331 4491 1398 4556; x_wconf 85' lang='grc' dir='ltr'>λόγῳ</span> <span class='ocrx_word' id='word_1_446' title='bbox 1418 4503 1473 4540; x_wconf 86' lang='lat' dir='ltr'>om.</span> <span class='ocrx_word' id='word_1_447' title='bbox 1489 4489 1517 4539; x_wconf 96' lang='lat' dir='ltr'>M</span> 
     </span>
     <span class='ocr_line' id='line_1_40' title="bbox 466 4551 1583 4626; baseline 0.001 -15"><span class='ocrx_word' id='word_1_448' title='bbox 466 4560 498 4611; x_wconf 83' lang='lat'>19</span> <span class='ocrx_word' id='word_1_449' title='bbox 510 4559 611 4626; x_wconf 76' lang='grc' dir='ltr'>παντὸς]</span> <span class='ocrx_word' id='word_1_450' title='bbox 626 4562 720 4611; x_wconf 77' lang='grc' dir='ltr'>πολλοῦ</span> <span class='ocrx_word' id='word_1_451' title='bbox 735 4558 765 4609; x_wconf 73' lang='grc' dir='ltr'>Ε1</span> <span class='ocrx_word' id='word_1_452' title='bbox 829 4555 862 4608; x_wconf 80' lang='lat'>20</span> <span class='ocrx_word' id='word_1_453' title='bbox 874 4558 1012 4610; x_wconf 78' lang='lat' dir='ltr'><strong>incertum</strong></span> <span class='ocrx_word' id='word_1_454' title='bbox 1026 4571 1061 4608; x_wconf 80' lang='lat' dir='ltr'>an</span> <span class='ocrx_word' id='word_1_455' title='bbox 1077 4563 1139 4622; x_wconf 78' lang='lat' dir='ltr'><strong>post</strong></span> <span class='ocrx_word' id='word_1_456' title='bbox 1157 4562 1231 4623; x_wconf 74' lang='grc' dir='ltr'>λόγος</span> <span class='ocrx_word' id='word_1_457' title='bbox 1249 4559 1374 4611; x_wconf 77' lang='lat' dir='ltr'>Hermias</span> <span class='ocrx_word' id='word_1_458' title='bbox 1390 4551 1462 4620; x_wconf 75' lang='grc' dir='ltr'>οὗτος</span> <span class='ocrx_word' id='word_1_459' title='bbox 1485 4561 1583 4626; x_wconf 68' lang='lat' dir='ltr'><strong>legerit</strong></span> 
     </span>
     <span class='ocr_line' id='line_1_41' title="bbox 528 4627 1580 4697; baseline 0.001 -15"><span class='ocrx_word' id='word_1_460' title='bbox 528 4631 690 4682; x_wconf 57' lang='lat' dir='ltr'>salvom</span> <span class='ocrx_word' id='word_1_461' title='bbox 751 4627 1018 4695; x_wconf 72' lang='grc' dir='ltr'>δίσώφροναφησίΑ</span> <span class='ocrx_word' id='word_1_462' title='bbox 1079 4628 1309 4683; x_wconf 75' lang='grc' dir='ltr'>25σοιοιιι.Ρ1111.</span> <span class='ocrx_word' id='word_1_463' title='bbox 1373 4629 1404 4682; x_wconf 77' lang='lat'>27</span> <span class='ocrx_word' id='word_1_464' title='bbox 1416 4633 1457 4684; x_wconf 75' lang='grc' dir='ltr'>διά</span> <span class='ocrx_word' id='word_1_465' title='bbox 1467 4633 1580 4697; x_wconf 79' lang='lat' dir='ltr'><strong>scripsi:</strong></span> 
     </span>
     <span class='ocr_line' id='line_1_42' title="bbox 466 4698 1344 4764; baseline -0.002 -10"><span class='ocrx_word' id='word_1_466' title='bbox 466 4704 509 4754; x_wconf 85' lang='grc' dir='ltr'>καί</span> <span class='ocrx_word' id='word_1_467' title='bbox 523 4702 596 4754; x_wconf 81' lang='lat' dir='ltr'><strong>libri.</strong></span> <span class='ocrx_word' id='word_1_468' title='bbox 663 4701 694 4752; x_wconf 76' lang='lat'>28</span> <span class='ocrx_word' id='word_1_469' title='bbox 709 4702 737 4752; x_wconf 80' lang='grc' dir='ltr'>τῦ</span> <span class='ocrx_word' id='word_1_470' title='bbox 753 4700 779 4752; x_wconf 79' lang='grc' dir='ltr'>δὲ</span> <span class='ocrx_word' id='word_1_471' title='bbox 793 4703 858 4751; x_wconf 77' lang='grc' dir='ltr'>θεῖον</span> <span class='ocrx_word' id='word_1_472' title='bbox 869 4701 946 4751; x_wconf 85' lang='grc' dir='ltr'>καλδν</span> <span class='ocrx_word' id='word_1_473' title='bbox 960 4703 1002 4752; x_wconf 84' lang='grc' dir='ltr'>κτέ</span> <span class='ocrx_word' id='word_1_474' title='bbox 1020 4698 1088 4752; x_wconf 79' lang='lat' dir='ltr'>Plat.</span> <span class='ocrx_word' id='word_1_475' title='bbox 1154 4700 1184 4751; x_wconf 79' lang='lat'>32</span> <span class='ocrx_word' id='word_1_476' title='bbox 1198 4699 1306 4764; x_wconf 81' lang='grc' dir='ltr'>καλονὴν</span> <span class='ocrx_word' id='word_1_477' title='bbox 1322 4701 1344 4752; x_wconf 83' lang='lat' dir='ltr'><strong>E</strong></span> 
     </span>
    </p>
   </div>
   <div class='ocr_carea' id='block_1_9' title="bbox 0 0 1774 5686">
    <p class='ocr_par' dir='ltr' id='par_1_14' title="bbox 0 0 1774 5686">
     <span class='ocr_line' id='line_1_43' title="bbox 0 0 1774 5686; baseline 0 0"><span class='ocrx_word' id='word_1_478' title='bbox 0 0 1774 5686; x_wconf 95' lang='lat' dir='ltr'> </span> 
     </span>
    </p>
   </div>
  </div>
 </body>
</html>
