3538 5686
782 669 840 742 53.
866 701 900 712 -
921 667 968 725 Dn
986 685 1045 726 unc
1068 667 1224 728 liurrros‘r.

488 932 522 992 ln
535 932 591 992 hac
606 933 702 1012 igitur
720 931 855 992 editione
870 943 984 990 textum
1007 931 1124 991 codicis
1140 931 1177 1004 A,
1195 944 1301 1012 utpote
1330 945 1503 993 ceterorum
1518 954 1564 992 ar-

447 1039 581 1119 chetypi,
611 1051 735 1098 secutus
757 1057 836 1107 sum,
858 1039 898 1096 ita
925 1051 1025 1096 tamen
1050 1051 1083 1098 ut
1120 1059 1200 1118 saepe
1228 1041 1392 1099 mendosas
1417 1040 1564 1100 lectiones

446 1149 603 1229 corrigere
618 1167 748 1207 conarer
763 1170 779 1206 e
794 1146 980 1226 conjecturis
991 1167 1058 1227 quae
1073 1150 1122 1206 vel
1133 1147 1195 1228 jam
1212 1147 1308 1228 (raro)
1328 1148 1357 1206 in
1371 1146 1560 1228 apographis

446 1254 643 1313 inveniuntur
670 1255 747 1332 (sive
776 1274 848 1312 casu
874 1254 938 1312 sive
958 1253 1076 1313 librarii
1101 1255 1251 1336 ingenio),
1277 1253 1326 1314 vel
1341 1256 1378 1313 ab
1394 1253 1494 1313 Asrro
1513 1265 1564 1312 aut

445 1360 514 1418 aliis
537 1359 758 1440 (paucissimis)
779 1359 947 1439 propositae
975 1373 1056 1430 sunt,
1073 1361 1122 1420 vel
1138 1381 1214 1440 quas
1233 1363 1300 1441 ipse
1315 1360 1478 1442 proposui.
1510 1360 1564 1418 Hae

446 1481 545 1526 autem
577 1467 668 1546 longe
703 1466 948 1546 plurimorum,
976 1481 1111 1526 ceterum
1147 1470 1209 1526 lere
1243 1489 1367 1548 semper
1398 1467 1561 1536 facillimae,

446 1595 585 1655 quasque
607 1575 638 1632 iu
654 1573 784 1654 legendo
800 1573 929 1652 quilibet
949 1576 1130 1634 inventurus
1158 1576 1281 1634 luisset:
1313 1577 1367 1634 scd
1393 1574 1469 1632 nihil
1497 1594 1562 1632 mo-

446 1681 554 1738 lestius
583 1698 673 1758 quam
700 1698 751 1736 eas
784 1697 906 1757 semper
933 1678 963 1736 in
993 1679 1125 1757 legendo
1154 1669 1291 1758 quaerere
1307 1701 1314 1748 ;
1348 1697 1428 1736 nuuc
1456 1675 1561 1736 saltem

446 1790 566 1848 conlido
583 1787 715 1847 Hermiae
732 1787 848 1846 scholia
864 1788 930 1846 sine
946 1787 1040 1846 nimio
1052 1787 1156 1846 labore
1172 1787 1233 1867 legi
1249 1809 1354 1867 posse.

487 1895 563 1955 Cum
579 1909 678 1955 autem
702 1895 818 1954 codicis
834 1895 860 1954 A
875 1895 1029 1974 scriptura
1044 1894 1205 1955 obliterata
1220 1908 1270 1956 aut
1287 1917 1420 1976 prorsus
1435 1895 1562 1954 evanida

446 2017 522 2076 erat,
540 2004 676 2062 codicem
689 2001 726 2074 E,
744 2003 932 2081 reliquorum
950 2003 1161 2062 Parisinorum
1182 2004 1329 2082 optimum
1342 2017 1466 2063 secutus
1482 2023 1560 2072 sum,

447 2115 552 2172 eadem
570 2112 747 2192 corrigendi
762 2112 879 2171 ratione
897 2117 1027 2172 servata.
1042 2149 1080 2158 -
1099 2113 1238 2173 Aliorum
1259 2115 1400 2174 codicum
1415 2114 1562 2174 lectiones

446 2221 507 2279 nisi
523 2219 654 2299 exempli
670 2219 769 2299 gratia
783 2218 883 2278 nullas
907 2219 993 2278 attuli
1008 2227 1028 2277 ⁸:
1055 2220 1172 2280 codicis
1197 2220 1227 2279 M
1257 2234 1356 2282 autem
1380 2219 1437 2300 (vel
1459 2220 1562 2299 potius

446 2329 591 2388 editionis
624 2327 792 2406 Astianae¹l
818 2347 937 2398 omnes,
962 2349 1023 2408 quo
1049 2330 1167 2389 facilius
1190 2342 1370 2389 cerneretur
1389 2343 1419 2389 et
1440 2328 1562 2409 quoties

446 2459 551 2498 verum
585 2439 692 2498 Aetius
725 2436 900 2517 conjectura
920 2439 1073 2497 invenerit
1096 2451 1125 2498 et
1153 2451 1268 2518 quanto
1294 2438 1447 2498 seniorem
1481 2457 1561 2496 nunc

447 2547 546 2606 nostri
559 2547 770 2606 commentarii
783 2559 883 2606 textus
900 2568 932 2606 se
945 2549 1091 2626 praebeat.

488 2652 653 2724 Lemmata,
670 2666 700 2713 et
714 2675 781 2732 quae
795 2654 825 2712 in
849 2675 903 2713 sua
925 2655 1063 2713 oratione
1090 2654 1139 2714 vel
1160 2675 1176 2712 a
1202 2654 1329 2714 Platone
1354 2655 1402 2713 vel
1426 2655 1463 2713 ab
1493 2653 1561 2712 aliis

447 2760 654 2841 scriptoribus
683 2773 837 2820 mutuatus
865 2773 913 2819 est
940 2759 1093 2833 Hermias,
1120 2760 1231 2820 litteris
1258 2761 1392 2820 diductis
1417 2759 1558 2818 distinxi.

449 2867 580 2938 Deinde,
605 2880 637 2927 ut
652 2887 719 2926 mos
739 2881 797 2937 est,
820 2885 888 2947 quse
898 2868 1037 2926 addenda
1053 2887 1122 2926 esse
1137 2870 1312 2938 censebam,
1329 2866 1476 2945 obliquis,
1493 2885 1560 2945 quae

446 2974 587 3052 delenda,
613 2974 707 3033 rectis
732 2975 820 3034 uncis
845 2975 1015 3054 significavi
1024 2999 1032 3046 ;
1053 2995 1120 3054 quae
1143 2987 1288 3054 corrupta
1315 2975 1472 3054 corrigere
1502 2992 1563 3032 non

447 3096 621 3162 potueram,
648 3102 751 3141 cruce.
770 3082 804 3141 ln
825 3083 1017 3164 marginibus
1033 3097 1064 3142 et
1079 3083 1196 3143 codicis
1219 3083 1335 3142 Atolia
1362 3097 1391 3142 et
1419 3082 1563 3143 editionis

446 3189 580 3250 Astianae
596 3191 727 3270 paginas
736 3190 901 3270 adscripsi.

486 3298 520 3357 ln
536 3299 617 3357 notis
633 3299 765 3380 primum
776 3299 862 3357 locos
877 3302 915 3358 ab
931 3297 1057 3357 Hermia
1072 3297 1219 3357 excitatos
1235 3298 1412 3377 diligenter,
1422 3310 1455 3356 ut
1465 3298 1563 3376 potui,

445 3405 588 3481 indicavi,
606 3405 758 3486 simulque
774 3419 803 3464 et
818 3420 922 3486 partes
936 3427 1012 3485 quas
1028 3419 1097 3465 ante
1113 3405 1234 3465 Aetium
1259 3405 1410 3486 philologi
1439 3404 1563 3484 quidam

444 3521 614 3590 ediderant,
642 3533 672 3579 et
704 3541 771 3600 quae
803 3521 833 3578 in
866 3519 993 3579 scholiis
1019 3519 1188 3580 Platonicis
1217 3541 1234 3578 a
1267 3533 1375 3578 nostro
1406 3519 1560 3580 delluunt.

445 3629 564 3689 Deinde
579 3631 685 3690 titulos
701 3631 771 3690 dedi
783 3651 861 3711 quos
877 3631 924 3690 rel
948 3631 1035 3689 Avel
1051 3629 1075 3689 C
1092 3631 1239 3711 (omnium
1255 3651 1333 3710 quos
1348 3631 1411 3690 vidi
1427 3630 1566 3710 locuple-

443 3739 594 3817 tissimus)
619 3739 649 3796 in
679 3740 817 3819 margine
846 3739 959 3798 habent
988 3741 1172 3821 exscriptos.
1205 3740 1368 3799 Postremo
1393 3741 1423 3799 in
1452 3742 1561 3800 critico

443 3857 592 3924 apparatu
616 3864 680 3903 eam
704 3845 852 3904 rationem
879 3857 1002 3903 secutus
1027 3865 1094 3904 sum
1117 3858 1150 3904 ut
1174 3846 1265 3904 lectio
1290 3866 1356 3925 quae
1384 3847 1506 3925 signum
1524 3847 1560 3925 (D

443 3951 631 4030 praecederet
650 3971 684 4008 ea
699 3965 781 4010 esset
796 3972 863 4030 quae
878 3952 909 4008 in
926 3952 1036 4028 A(vel,
1056 3951 1277 4031 ubicumqueA
1291 3952 1354 4032 legi
1370 3973 1431 4010 non
1443 3966 1558 4032 potest,

444 4058 474 4115 in
497 4057 586 4116 bonis
615 4057 815 4138 apographis)
848 4057 975 4137 legitur:
1010 4070 1145 4116 ceterum
1171 4058 1356 4117 monendum
1383 4072 1430 4118 est
1456 4079 1502 4118 me
1531 4059 1561 4118 in

475 4247 497 4295 l.
514 4247 671 4296 Codicemh
695 4245 736 4294 bis
754 4245 867 4307 contuli;
883 4246 1000 4294 omnium
1026 4245 1208 4294 Parisinorum
1234 4247 1359 4296 lectiones
1383 4248 1489 4297 derisu
1508 4249 1563 4297 ins·

443 4323 534 4382 pectas
545 4317 666 4383 apposui.

474 4390 499 4438 2.
528 4391 594 4438 llam
614 4389 729 4438 ostendit
756 4391 862 4440 Scutuz
878 4389 1007 4450 (ἱκοῦ.)
1035 4405 1086 4436 non
1104 4405 1208 4453 semper
1220 4389 1286 4438 mira
1307 4389 1445 4453 diligentis
1459 4392 1561 4441 hstium

442 4460 560 4508 codicem
585 4477 661 4510 suum
677 4460 866 4525 descripsissc;
889 4461 915 4507 in
931 4459 1074 4508 Platonicis
1090 4477 1151 4509 vero
1164 4478 1212 4524 ego
1231 4476 1388 4524 persuasum
1403 4462 1487 4510 babeo
1501 4480 1560 4511 cum

443 4547 691 4597 snpenoneaquoe
716 4532 743 4579 in
771 4533 794 4580 bl
813 4532 927 4596 legebat,
953 4531 998 4580 sed
1021 4549 1052 4580 ea
1075 4549 1131 4596 quie
1147 4531 1264 4580 Plutonis
1279 4532 1408 4582 editiones
1433 4535 1560 4598 prebent,

442 4602 513 4666 typis
529 4603 705 4652 mandavisse.
