<?xml version="1.0" encoding="UTF-8"?>
<!DOCTYPE html PUBLIC "-//W3C//DTD XHTML 1.0 Transitional//EN"
    "http://www.w3.org/TR/xhtml1/DTD/xhtml1-transitional.dtd">
<html xmlns="http://www.w3.org/1999/xhtml" xml:lang="en" lang="en">
 <head>
  <title>
</title>
<meta http-equiv="Content-Type" content="text/html;charset=utf-8" />
  <meta name='ocr-system' content='tesseract 3.04.00' />
  <meta name='ocr-capabilities' content='ocr_page ocr_carea ocr_par ocr_line ocrx_word'/>
</head>
<body>
  <div class='ocr_page' id='page_1' title='image "./hermiaealexandr00couvgoog_0296.png"; bbox 0 0 3604 5690; ppageno 0'>
   <div class='ocr_carea' id='block_1_1' title="bbox 451 541 1336 606">
    <p class='ocr_par' dir='ltr' id='par_1_1' title="bbox 451 541 1336 606">
     <span class='ocr_line' id='line_1_1' title="bbox 451 541 1336 606; baseline 0.005 -13"><span class='ocrx_word' id='word_1_1' title='bbox 451 541 505 594; x_wconf 86' lang='grc' dir='ltr'>ΕΙΣ</span> <span class='ocrx_word' id='word_1_2' title='bbox 526 545 587 594; x_wconf 77' lang='grc' dir='ltr'>1οΝ</span> <span class='ocrx_word' id='word_1_3' title='bbox 610 543 787 596; x_wconf 57' lang='lat' dir='ltr'><strong>nmmos</strong></span> <span class='ocrx_word' id='word_1_4' title='bbox 809 544 952 598; x_wconf 78' lang='grc' dir='ltr'>ΦΑΙΔΡΟΝ</span> <span class='ocrx_word' id='word_1_5' title='bbox 975 545 1096 598; x_wconf 72' lang='grc' dir='ltr'>ΣΧΟΛΙΑ</span> <span class='ocrx_word' id='word_1_6' title='bbox 1291 555 1336 606; x_wconf 82' lang='lat'>221</span> 
     </span>
    </p>
   </div>
   <div class='ocr_carea' id='block_1_2' title="bbox 116 690 1341 1162">
    <p class='ocr_par' dir='ltr' id='par_1_2' title="bbox 116 690 1341 1072">
     <span class='ocr_line' id='line_1_2' title="bbox 116 690 1338 778; baseline 0 -26"><span class='ocrx_word' id='word_1_7' title='bbox 116 701 183 768; x_wconf 71' lang='lat'>[1821</span> <span class='ocrx_word' id='word_1_8' title='bbox 217 697 333 773; x_wconf 81' lang='grc' dir='ltr'>θερίζει·</span> <span class='ocrx_word' id='word_1_9' title='bbox 353 719 367 750; x_wconf 82' lang='grc' dir='ltr'>ι)</span> <span class='ocrx_word' id='word_1_10' title='bbox 387 696 500 775; x_wconf 76' lang='grc' dir='ltr'>καὶγὰρ</span> <span class='ocrx_word' id='word_1_11' title='bbox 520 698 547 754; x_wconf 79' lang='grc' dir='ltr'>οἱ</span> <span class='ocrx_word' id='word_1_12' title='bbox 566 698 680 778; x_wconf 72' lang='grc' dir='ltr'>ῥήτορες</span> <span class='ocrx_word' id='word_1_13' title='bbox 701 700 727 754; x_wconf 77' lang='grc' dir='ltr'>οἱ</span> <span class='ocrx_word' id='word_1_14' title='bbox 747 699 820 757; x_wconf 84' lang='grc' dir='ltr'>ούτω</span> <span class='ocrx_word' id='word_1_15' title='bbox 838 696 1074 778; x_wconf 78' lang='grc' dir='ltr'>δημηγοροῦντες,</span> <span class='ocrx_word' id='word_1_16' title='bbox 1090 698 1117 754; x_wconf 84' lang='grc' dir='ltr'>οἳ</span> <span class='ocrx_word' id='word_1_17' title='bbox 1136 698 1186 772; x_wconf 81' lang='grc' dir='ltr'>μὶν</span> <span class='ocrx_word' id='word_1_18' title='bbox 1202 690 1338 776; x_wconf 78' lang='grc' dir='ltr'>ἐξωστρα-</span> 
     </span>
     <span class='ocr_line' id='line_1_3' title="bbox 215 791 1338 878; baseline 0.003 -30"><span class='ocrx_word' id='word_1_19' title='bbox 215 793 357 864; x_wconf 85' lang='grc' dir='ltr'>κίσθησαν,</span> <span class='ocrx_word' id='word_1_20' title='bbox 374 795 401 849; x_wconf 84' lang='grc' dir='ltr'>οἳ</span> <span class='ocrx_word' id='word_1_21' title='bbox 414 791 443 850; x_wconf 74' lang='grc' dir='ltr'>δέ</span> <span class='ocrx_word' id='word_1_22' title='bbox 456 793 570 874; x_wconf 77' lang='grc' dir='ltr'>ρυγόδες</span> <span class='ocrx_word' id='word_1_23' title='bbox 584 795 720 873; x_wconf 75' lang='grc' dir='ltr'>ἐγένοντο.</span> <span class='ocrx_word' id='word_1_24' title='bbox 738 802 820 854; x_wconf 78' lang='grc' dir='ltr'>Ποῖον</span> <span class='ocrx_word' id='word_1_25' title='bbox 836 795 894 870; x_wconf 81' lang='grc' dir='ltr'>οῦν,</span> <span class='ocrx_word' id='word_1_26' title='bbox 908 795 983 878; x_wconf 84' lang='grc' dir='ltr'>ρησί,</span> <span class='ocrx_word' id='word_1_27' title='bbox 1000 794 1079 860; x_wconf 87' lang='grc' dir='ltr'>τέλος</span> <span class='ocrx_word' id='word_1_28' title='bbox 1096 796 1224 876; x_wconf 83' lang='grc' dir='ltr'>εὑρῆσθαι</span> <span class='ocrx_word' id='word_1_29' title='bbox 1237 793 1338 866; x_wconf 78' lang='grc' dir='ltr'>ταύτης</span> 
     </span>
     <span class='ocr_line' id='line_1_4' title="bbox 217 887 1340 973; baseline 0.002 -25"><span class='ocrx_word' id='word_1_30' title='bbox 217 899 267 961; x_wconf 85' lang='grc' dir='ltr'>τῆς</span> <span class='ocrx_word' id='word_1_31' title='bbox 282 887 442 965; x_wconf 74' lang='grc' dir='ltr'>συμθουλῆς</span> <span class='ocrx_word' id='word_1_32' title='bbox 461 891 529 967; x_wconf 69' lang='grc' dir='ltr'>οἵοις</span> <span class='ocrx_word' id='word_1_33' title='bbox 546 927 584 937; x_wconf 93' lang='grc'><strong>-</strong></span> <span class='ocrx_word' id='word_1_34' title='bbox 600 893 640 950; x_wconf 86' lang='grc' dir='ltr'>Ού</span> <span class='ocrx_word' id='word_1_35' title='bbox 659 894 741 951; x_wconf 81' lang='grc' dir='ltr'>πάνυ</span> <span class='ocrx_word' id='word_1_36' title='bbox 759 916 796 973; x_wconf 88' lang='grc' dir='ltr'>γε</span> <span class='ocrx_word' id='word_1_37' title='bbox 815 894 957 967; x_wconf 76' lang='grc' dir='ltr'>ἐπιεικῆ·</span> <span class='ocrx_word' id='word_1_38' title='bbox 978 895 1097 951; x_wconf 82' lang='grc' dir='ltr'>τουτέστι</span> <span class='ocrx_word' id='word_1_39' title='bbox 1113 894 1208 950; x_wconf 85' lang='grc' dir='ltr'>κακόν·</span> <span class='ocrx_word' id='word_1_40' title='bbox 1229 893 1274 950; x_wconf 84' lang='grc' dir='ltr'>καί</span> <span class='ocrx_word' id='word_1_41' title='bbox 1288 893 1340 971; x_wconf 76' lang='grc' dir='ltr'>γὰρ</span> 
     </span>
     <span class='ocr_line' id='line_1_5' title="bbox 216 986 1341 1072; baseline 0.002 -26"><span class='ocrx_word' id='word_1_42' title='bbox 216 989 263 1046; x_wconf 86' lang='grc' dir='ltr'>καὶ</span> <span class='ocrx_word' id='word_1_43' title='bbox 277 990 309 1044; x_wconf 85' lang='grc' dir='ltr'>τὸ</span> <span class='ocrx_word' id='word_1_44' title='bbox 322 986 430 1062; x_wconf 77' lang='grc' dir='ltr'>πλῆθος</span> <span class='ocrx_word' id='word_1_45' title='bbox 449 991 494 1046; x_wconf 85' lang='grc' dir='ltr'>καὶ</span> <span class='ocrx_word' id='word_1_46' title='bbox 515 992 541 1048; x_wconf 84' lang='grc' dir='ltr'>οί</span> <span class='ocrx_word' id='word_1_47' title='bbox 561 987 808 1067; x_wconf 81' lang='grc' dir='ltr'>συμθουλιυόμενοι</span> <span class='ocrx_word' id='word_1_48' title='bbox 827 994 865 1058; x_wconf 88' lang='grc' dir='ltr'>είς</span> <span class='ocrx_word' id='word_1_49' title='bbox 885 993 988 1050; x_wconf 75' lang='grc' dir='ltr'>ἐκεῖνον</span> <span class='ocrx_word' id='word_1_50' title='bbox 1006 991 1193 1072; x_wconf 69' lang='grc' dir='ltr'>προτρέπουσι</span> <span class='ocrx_word' id='word_1_51' title='bbox 1206 989 1240 1048; x_wconf 87' lang='grc' dir='ltr'>τδι</span> <span class='ocrx_word' id='word_1_52' title='bbox 1255 992 1341 1070; x_wconf 83' lang='grc' dir='ltr'>ἁμαρ-</span> 
     </span>
    </p>

    <p class='ocr_par' dir='ltr' id='par_1_3' title="bbox 169 1088 338 1162">
     <span class='ocr_line' id='line_1_6' title="bbox 169 1088 338 1162; baseline 0.024 -22"><span class='ocrx_word' id='word_1_53' title='bbox 169 1093 185 1140; x_wconf 83' lang='grc'>5</span> <span class='ocrx_word' id='word_1_54' title='bbox 217 1088 338 1162; x_wconf 77' lang='grc' dir='ltr'>πήματα.</span> 
     </span>
    </p>
   </div>
   <div class='ocr_carea' id='block_1_3' title="bbox 259 1241 786 1326">
    <p class='ocr_par' dir='ltr' id='par_1_4' title="bbox 259 1241 786 1326">
     <span class='ocr_line' id='line_1_7' title="bbox 259 1241 786 1326; baseline 0.008 -26"><span class='ocrx_word' id='word_1_55' title='bbox 259 1241 332 1322; x_wconf 83' lang='grc' dir='ltr'>ρλα’.</span> <span class='ocrx_word' id='word_1_56' title='bbox 357 1241 425 1322; x_wconf 71' lang='grc' dir='ltr'>Ἆρ’</span> <span class='ocrx_word' id='word_1_57' title='bbox 448 1242 503 1301; x_wconf 85' lang='grc' dir='ltr'>οῦν</span> <span class='ocrx_word' id='word_1_58' title='bbox 524 1243 644 1326; x_wconf 82' lang='grc' dir='ltr'>ὦγαθέ]</span> <span class='ocrx_word' id='word_1_59' title='bbox 667 1246 725 1304; x_wconf 89' lang='grc'>260</span> <span class='ocrx_word' id='word_1_60' title='bbox 748 1245 786 1304; x_wconf 94' lang='lat' dir='ltr'>D.</span> 
     </span>
    </p>
   </div>
   <div class='ocr_carea' id='block_1_4' title="bbox 112 1387 1370 3138">
    <p class='ocr_par' dir='ltr' id='par_1_5' title="bbox 112 1387 1345 1669">
     <span class='ocr_line' id='line_1_8' title="bbox 260 1387 1343 1472; baseline 0.001 -28"><span class='ocrx_word' id='word_1_61' title='bbox 260 1389 349 1446; x_wconf 78' lang='grc' dir='ltr'>Είπών</span> <span class='ocrx_word' id='word_1_62' title='bbox 363 1389 404 1446; x_wconf 84' lang='grc' dir='ltr'>ὅτι</span> <span class='ocrx_word' id='word_1_63' title='bbox 418 1392 463 1447; x_wconf 86' lang='grc' dir='ltr'>καὶ</span> <span class='ocrx_word' id='word_1_64' title='bbox 478 1391 583 1455; x_wconf 75' lang='grc' dir='ltr'>ἑαυτοῖς</span> <span class='ocrx_word' id='word_1_65' title='bbox 598 1393 625 1448; x_wconf 88' lang='grc' dir='ltr'>οί</span> <span class='ocrx_word' id='word_1_66' title='bbox 638 1397 757 1449; x_wconf 90' lang='grc' dir='ltr'>τοιοῦτοι</span> <span class='ocrx_word' id='word_1_67' title='bbox 771 1392 885 1472; x_wconf 74' lang='grc' dir='ltr'>ῥήτορες</span> <span class='ocrx_word' id='word_1_68' title='bbox 898 1393 943 1448; x_wconf 89' lang='grc' dir='ltr'>καὶ</span> <span class='ocrx_word' id='word_1_69' title='bbox 957 1397 992 1468; x_wconf 84' lang='grc' dir='ltr'>τῇ</span> <span class='ocrx_word' id='word_1_70' title='bbox 1008 1387 1247 1466; x_wconf 81' lang='grc' dir='ltr'>συμθουλευομένῇ</span> <span class='ocrx_word' id='word_1_71' title='bbox 1261 1389 1343 1446; x_wconf 87' lang='grc' dir='ltr'>πόλει</span> 
     </span>
     <span class='ocr_line' id='line_1_9' title="bbox 112 1485 1343 1574; baseline 0.001 -32"><span class='ocrx_word' id='word_1_72' title='bbox 112 1485 208 1536; x_wconf 60' lang='grc' dir='ltr'>ΡΠἾ·</span> <span class='ocrx_word' id='word_1_73' title='bbox 220 1487 289 1543; x_wconf 78' lang='grc' dir='ltr'>κακὰ</span> <span class='ocrx_word' id='word_1_74' title='bbox 302 1493 485 1566; x_wconf 82' lang='grc' dir='ltr'>περιποιοῦσι,</span> <span class='ocrx_word' id='word_1_75' title='bbox 504 1489 584 1569; x_wconf 81' lang='grc' dir='ltr'>ρησίν</span> <span class='ocrx_word' id='word_1_76' title='bbox 600 1514 614 1544; x_wconf 83' lang='grc' dir='ltr'>ιι</span> <span class='ocrx_word' id='word_1_77' title='bbox 631 1490 691 1570; x_wconf 81' lang='grc' dir='ltr'>ἄρα</span> <span class='ocrx_word' id='word_1_78' title='bbox 705 1492 744 1564; x_wconf 78' lang='grc' dir='ltr'><strong>μή</strong></span> <span class='ocrx_word' id='word_1_79' title='bbox 768 1491 773 1568; x_wconf 80' lang='grc' dir='ltr'>Ι</span> <span class='ocrx_word' id='word_1_80' title='bbox 795 1489 1034 1569; x_wconf 79' lang='grc' dir='ltr'>ἀγροικότερον</span> <span class='ocrx_word' id='word_1_81' title='bbox 1054 1487 1343 1574; x_wconf 77' lang='grc' dir='ltr'>λελοιδορήκιιμεν</span> 
     </span>
     <span class='ocr_line' id='line_1_10' title="bbox 219 1583 1345 1669; baseline 0.001 -29"><span class='ocrx_word' id='word_1_82' title='bbox 219 1585 279 1654; x_wconf 77' lang='grc' dir='ltr'>τὴν</span> <span class='ocrx_word' id='word_1_83' title='bbox 296 1591 359 1642; x_wconf 80' lang='grc' dir='ltr'>τῶν</span> <span class='ocrx_word' id='word_1_84' title='bbox 377 1583 483 1665; x_wconf 88' lang='grc' dir='ltr'>λόγων</span> <span class='ocrx_word' id='word_1_85' title='bbox 499 1587 633 1669; x_wconf 85' lang='grc' dir='ltr'>τέχνην;</span> <span class='ocrx_word' id='word_1_86' title='bbox 651 1613 666 1644; x_wconf 80' lang='grc' dir='ltr'>ι)</span> <span class='ocrx_word' id='word_1_87' title='bbox 682 1586 805 1645; x_wconf 80' lang='grc' dir='ltr'>τοῦτοδὲ</span> <span class='ocrx_word' id='word_1_88' title='bbox 820 1587 879 1645; x_wconf 78' lang='grc' dir='ltr'>εἷπε</span> <span class='ocrx_word' id='word_1_89' title='bbox 896 1585 1066 1665; x_wconf 87' lang='grc' dir='ltr'>βουλόμενος</span> <span class='ocrx_word' id='word_1_90' title='bbox 1080 1588 1125 1644; x_wconf 85' lang='grc' dir='ltr'>καί</span> <span class='ocrx_word' id='word_1_91' title='bbox 1139 1585 1182 1644; x_wconf 83' lang='grc' dir='ltr'>ίπί</span> <span class='ocrx_word' id='word_1_92' title='bbox 1195 1587 1244 1658; x_wconf 71' lang='grc' dir='ltr'>τὴν</span> <span class='ocrx_word' id='word_1_93' title='bbox 1259 1584 1345 1660; x_wconf 84' lang='grc' dir='ltr'>μέσην</span> 
     </span>
    </p>

    <p class='ocr_par' dir='ltr' id='par_1_6' title="bbox 157 1681 1370 2154">
     <span class='ocr_line' id='line_1_11' title="bbox 157 1681 1345 1766; baseline 0.001 -27"><span class='ocrx_word' id='word_1_94' title='bbox 157 1681 189 1733; x_wconf 85' lang='lat'>10</span> <span class='ocrx_word' id='word_1_95' title='bbox 222 1683 371 1763; x_wconf 79' lang='grc' dir='ltr'>ῥητορικὴν</span> <span class='ocrx_word' id='word_1_96' title='bbox 386 1681 485 1742; x_wconf 77' lang='grc' dir='ltr'>ἐλθεῖν·</span> <span class='ocrx_word' id='word_1_97' title='bbox 504 1686 563 1742; x_wconf 87' lang='grc' dir='ltr'>εἶπε</span> <span class='ocrx_word' id='word_1_98' title='bbox 582 1686 633 1766; x_wconf 81' lang='grc' dir='ltr'>γὰρ</span> <span class='ocrx_word' id='word_1_99' title='bbox 652 1683 707 1758; x_wconf 74' lang='grc' dir='ltr'>ἤδη</span> <span class='ocrx_word' id='word_1_100' title='bbox 726 1689 775 1757; x_wconf 83' lang='grc' dir='ltr'>τήν</span> <span class='ocrx_word' id='word_1_101' title='bbox 795 1686 930 1758; x_wconf 79' lang='grc' dir='ltr'>ἀληθινὴν</span> <span class='ocrx_word' id='word_1_102' title='bbox 949 1688 992 1744; x_wconf 84' lang='grc' dir='ltr'>καί</span> <span class='ocrx_word' id='word_1_103' title='bbox 1010 1687 1060 1757; x_wconf 80' lang='grc' dir='ltr'>τὴν</span> <span class='ocrx_word' id='word_1_104' title='bbox 1081 1683 1210 1760; x_wconf 81' lang='grc' dir='ltr'>δημώδη·</span> <span class='ocrx_word' id='word_1_105' title='bbox 1228 1681 1345 1740; x_wconf 80' lang='grc' dir='ltr'>καθόλου</span> 
     </span>
     <span class='ocr_line' id='line_1_12' title="bbox 222 1782 1345 1866; baseline -0.001 -27"><span class='ocrx_word' id='word_1_106' title='bbox 222 1783 273 1861; x_wconf 76' lang='grc' dir='ltr'>γὰρ</span> <span class='ocrx_word' id='word_1_107' title='bbox 288 1784 303 1839; x_wconf 90' lang='grc' dir='ltr'>ό</span> <span class='ocrx_word' id='word_1_108' title='bbox 318 1782 479 1864; x_wconf 75' lang='grc' dir='ltr'>ριλόουρος,</span> <span class='ocrx_word' id='word_1_109' title='bbox 497 1783 560 1840; x_wconf 85' lang='grc' dir='ltr'>όταν</span> <span class='ocrx_word' id='word_1_110' title='bbox 574 1787 636 1864; x_wconf 82' lang='grc' dir='ltr'>περὶ</span> <span class='ocrx_word' id='word_1_111' title='bbox 648 1788 698 1856; x_wconf 77' lang='grc' dir='ltr'>την</span> <span class='ocrx_word' id='word_1_112' title='bbox 711 1787 812 1857; x_wconf 78' lang='grc' dir='ltr'>νοητὴν</span> <span class='ocrx_word' id='word_1_113' title='bbox 825 1783 916 1842; x_wconf 85' lang='grc' dir='ltr'>οὐσίαν</span> <span class='ocrx_word' id='word_1_114' title='bbox 934 1786 1079 1866; x_wconf 70' lang='grc' dir='ltr'>στρέφηται</span> <span class='ocrx_word' id='word_1_115' title='bbox 1095 1784 1140 1841; x_wconf 80' lang='grc' dir='ltr'>καὶ</span> <span class='ocrx_word' id='word_1_116' title='bbox 1158 1785 1206 1855; x_wconf 70' lang='grc' dir='ltr'>τὴν</span> <span class='ocrx_word' id='word_1_117' title='bbox 1223 1783 1345 1862; x_wconf 85' lang='grc' dir='ltr'>θεωρίαν</span> 
     </span>
     <span class='ocr_line' id='line_1_13' title="bbox 221 1879 1344 1964; baseline 0 -28"><span class='ocrx_word' id='word_1_118' title='bbox 221 1886 274 1936; x_wconf 79' lang='grc' dir='ltr'>τῶν</span> <span class='ocrx_word' id='word_1_119' title='bbox 287 1886 394 1952; x_wconf 84' lang='grc' dir='ltr'>νοητῶν</span> <span class='ocrx_word' id='word_1_120' title='bbox 406 1882 452 1938; x_wconf 85' lang='grc' dir='ltr'>καὶ</span> <span class='ocrx_word' id='word_1_121' title='bbox 466 1887 513 1938; x_wconf 92' lang='grc' dir='ltr'>τοῦ</span> <span class='ocrx_word' id='word_1_122' title='bbox 528 1889 597 1940; x_wconf 92' lang='grc' dir='ltr'>θεοῦ</span> <span class='ocrx_word' id='word_1_123' title='bbox 612 1883 701 1939; x_wconf 84' lang='grc' dir='ltr'>καὶτὸ</span> <span class='ocrx_word' id='word_1_124' title='bbox 716 1881 795 1958; x_wconf 85' lang='grc' dir='ltr'>όμμιι</span> <span class='ocrx_word' id='word_1_125' title='bbox 807 1891 859 1954; x_wconf 84' lang='grc' dir='ltr'>τῆς</span> <span class='ocrx_word' id='word_1_126' title='bbox 875 1881 994 1948; x_wconf 86' lang='grc' dir='ltr'>διανοίας</span> <span class='ocrx_word' id='word_1_127' title='bbox 1007 1879 1061 1964; x_wconf 79' lang='grc' dir='ltr'>ἔχη</span> <span class='ocrx_word' id='word_1_128' title='bbox 1077 1883 1262 1962; x_wconf 83' lang='grc' dir='ltr'>ἐστραμμένον</span> <span class='ocrx_word' id='word_1_129' title='bbox 1277 1879 1344 1952; x_wconf 79' lang='grc' dir='ltr'>όνω,</span> 
     </span>
     <span class='ocr_line' id='line_1_14' title="bbox 223 1977 1370 2061; baseline 0 -28"><span class='ocrx_word' id='word_1_130' title='bbox 223 1979 360 2057; x_wconf 79' lang='grc' dir='ltr'>όπριῑντός</span> <span class='ocrx_word' id='word_1_131' title='bbox 379 1977 433 2035; x_wconf 85' lang='grc' dir='ltr'>έστι</span> <span class='ocrx_word' id='word_1_132' title='bbox 451 1978 612 2061; x_wconf 79' lang='grc' dir='ltr'>ριλόσορος·</span> <span class='ocrx_word' id='word_1_133' title='bbox 631 1981 693 2037; x_wconf 86' lang='grc' dir='ltr'>όταν</span> <span class='ocrx_word' id='word_1_134' title='bbox 712 1978 741 2037; x_wconf 78' lang='grc' dir='ltr'>δὲ</span> <span class='ocrx_word' id='word_1_135' title='bbox 759 1980 812 2037; x_wconf 82' lang='grc' dir='ltr'>ἀπὸ</span> <span class='ocrx_word' id='word_1_136' title='bbox 830 1989 879 2052; x_wconf 85' lang='grc' dir='ltr'>τῆς</span> <span class='ocrx_word' id='word_1_137' title='bbox 895 1982 962 2044; x_wconf 81' lang='grc' dir='ltr'>θέας</span> <span class='ocrx_word' id='word_1_138' title='bbox 979 1979 1086 2052; x_wconf 84' lang='grc' dir='ltr'>ίκιίνης</span> <span class='ocrx_word' id='word_1_139' title='bbox 1102 1977 1222 2055; x_wconf 74' lang='grc' dir='ltr'>μετέλθῃ</span> <span class='ocrx_word' id='word_1_140' title='bbox 1237 1979 1275 2048; x_wconf 85' lang='grc' dir='ltr'>τίς</span> <span class='ocrx_word' id='word_1_141' title='bbox 1291 1977 1347 2034; x_wconf 85' lang='grc' dir='ltr'>έπι-</span> <span class='ocrx_word' id='word_1_142' title='bbox 1367 1986 1370 1992; x_wconf 90' lang='grc'><em>“</em></span> 
     </span>
     <span class='ocr_line' id='line_1_15' title="bbox 225 2065 1347 2154; baseline -0.002 -20"><span class='ocrx_word' id='word_1_143' title='bbox 225 2077 336 2151; x_wconf 84' lang='grc' dir='ltr'>μίλειαν</span> <span class='ocrx_word' id='word_1_144' title='bbox 354 2085 404 2148; x_wconf 82' lang='grc' dir='ltr'>τῇς</span> <span class='ocrx_word' id='word_1_145' title='bbox 421 2075 527 2142; x_wconf 88' lang='grc' dir='ltr'>πόλεως</span> <span class='ocrx_word' id='word_1_146' title='bbox 544 2079 589 2134; x_wconf 81' lang='grc' dir='ltr'>καί</span> <span class='ocrx_word' id='word_1_147' title='bbox 605 2079 673 2134; x_wconf 73' lang='grc' dir='ltr'>κατὰ</span> <span class='ocrx_word' id='word_1_148' title='bbox 687 2081 737 2150; x_wconf 69' lang='grc' dir='ltr'>τὴν</span> <span class='ocrx_word' id='word_1_149' title='bbox 755 2079 822 2136; x_wconf 87' lang='grc' dir='ltr'>θέαν</span> <span class='ocrx_word' id='word_1_150' title='bbox 837 2078 950 2136; x_wconf 72' lang='grc' dir='ltr'>ἐκείνων</span> <span class='ocrx_word' id='word_1_151' title='bbox 965 2065 1099 2154; x_wconf 78' lang='grc' dir='ltr'>διακοσμῇ</span> <span class='ocrx_word' id='word_1_152' title='bbox 1114 2079 1166 2148; x_wconf 82' lang='grc' dir='ltr'>τὴν</span> <span class='ocrx_word' id='word_1_153' title='bbox 1180 2076 1268 2153; x_wconf 85' lang='grc' dir='ltr'>πόλιν,</span> <span class='ocrx_word' id='word_1_154' title='bbox 1284 2076 1347 2132; x_wconf 84' lang='grc' dir='ltr'>τότε</span> 
     </span>
    </p>

    <p class='ocr_par' dir='ltr' id='par_1_7' title="bbox 158 2169 1350 2649">
     <span class='ocr_line' id='line_1_16' title="bbox 158 2169 1347 2256; baseline 0 -26"><span class='ocrx_word' id='word_1_155' title='bbox 158 2169 189 2220; x_wconf 81' lang='lat'>15</span> <span class='ocrx_word' id='word_1_156' title='bbox 224 2174 326 2254; x_wconf 85' lang='grc' dir='ltr'>γίνεται</span> <span class='ocrx_word' id='word_1_157' title='bbox 340 2172 481 2239; x_wconf 84' lang='grc' dir='ltr'>πολιτικός</span> <span class='ocrx_word' id='word_1_158' title='bbox 495 2174 653 2256; x_wconf 72' lang='grc' dir='ltr'>φιλόσοφος·</span> <span class='ocrx_word' id='word_1_159' title='bbox 671 2176 732 2233; x_wconf 85' lang='grc' dir='ltr'>όταν</span> <span class='ocrx_word' id='word_1_160' title='bbox 748 2174 776 2234; x_wconf 75' lang='grc' dir='ltr'>δέ</span> <span class='ocrx_word' id='word_1_161' title='bbox 791 2178 805 2232; x_wconf 85' lang='grc' dir='ltr'>δ</span> <span class='ocrx_word' id='word_1_162' title='bbox 819 2182 942 2241; x_wconf 88' lang='grc' dir='ltr'>τοιοῦτος</span> <span class='ocrx_word' id='word_1_163' title='bbox 957 2177 996 2242; x_wconf 83' lang='grc' dir='ltr'>τίς</span> <span class='ocrx_word' id='word_1_164' title='bbox 1009 2177 1040 2233; x_wconf 83' lang='grc' dir='ltr'>τό</span> <span class='ocrx_word' id='word_1_165' title='bbox 1053 2176 1144 2233; x_wconf 86' lang='grc' dir='ltr'>κοινὸν</span> <span class='ocrx_word' id='word_1_166' title='bbox 1161 2175 1261 2254; x_wconf 85' lang='grc' dir='ltr'>λόγους</span> <span class='ocrx_word' id='word_1_167' title='bbox 1280 2174 1347 2231; x_wconf 85' lang='grc' dir='ltr'>όιπο-</span> 
     </span>
     <span class='ocr_line' id='line_1_17' title="bbox 223 2271 1345 2354; baseline -0.002 -24"><span class='ocrx_word' id='word_1_168' title='bbox 223 2272 309 2349; x_wconf 81' lang='grc' dir='ltr'>τείνῇ,</span> <span class='ocrx_word' id='word_1_169' title='bbox 325 2273 424 2331; x_wconf 86' lang='grc' dir='ltr'>πείθων</span> <span class='ocrx_word' id='word_1_170' title='bbox 442 2274 488 2330; x_wconf 84' lang='grc' dir='ltr'>τόν</span> <span class='ocrx_word' id='word_1_171' title='bbox 507 2271 596 2348; x_wconf 77' lang='grc' dir='ltr'>δῆμον</span> <span class='ocrx_word' id='word_1_172' title='bbox 615 2274 789 2354; x_wconf 76' lang='grc' dir='ltr'>πράττειντὰ</span> <span class='ocrx_word' id='word_1_173' title='bbox 808 2272 911 2346; x_wconf 86' lang='grc' dir='ltr'>δέοντα,</span> <span class='ocrx_word' id='word_1_174' title='bbox 933 2275 996 2332; x_wconf 87' lang='grc' dir='ltr'>τότε</span> <span class='ocrx_word' id='word_1_175' title='bbox 1018 2273 1071 2332; x_wconf 84' lang='grc' dir='ltr'>ἐστὶ</span> <span class='ocrx_word' id='word_1_176' title='bbox 1091 2273 1184 2352; x_wconf 78' lang='grc' dir='ltr'>ῥήτωρ</span> <span class='ocrx_word' id='word_1_177' title='bbox 1203 2271 1345 2344; x_wconf 78' lang='grc' dir='ltr'>ἀληθινός·</span> 
     </span>
     <span class='ocr_line' id='line_1_18' title="bbox 224 2369 1350 2452; baseline -0.002 -24"><span class='ocrx_word' id='word_1_178' title='bbox 224 2369 364 2450; x_wconf 80' lang='grc' dir='ltr'>είδώςγόιρ</span> <span class='ocrx_word' id='word_1_179' title='bbox 376 2372 407 2428; x_wconf 86' lang='grc' dir='ltr'>τὸ</span> <span class='ocrx_word' id='word_1_180' title='bbox 419 2371 520 2444; x_wconf 78' lang='grc' dir='ltr'>όληθές</span> <span class='ocrx_word' id='word_1_181' title='bbox 535 2372 587 2428; x_wconf 79' lang='grc' dir='ltr'>ἀπὸ</span> <span class='ocrx_word' id='word_1_182' title='bbox 602 2380 652 2444; x_wconf 80' lang='grc' dir='ltr'>τῆς</span> <span class='ocrx_word' id='word_1_183' title='bbox 667 2374 732 2438; x_wconf 80' lang='grc' dir='ltr'>θέας</span> <span class='ocrx_word' id='word_1_184' title='bbox 747 2372 853 2446; x_wconf 73' lang='grc' dir='ltr'>ἐκείνης</span> <span class='ocrx_word' id='word_1_185' title='bbox 864 2375 951 2432; x_wconf 80' lang='grc' dir='ltr'>πείθει</span> <span class='ocrx_word' id='word_1_186' title='bbox 963 2373 1059 2438; x_wconf 79' lang='grc' dir='ltr'>αύτούς</span> <span class='ocrx_word' id='word_1_187' title='bbox 1072 2373 1106 2429; x_wconf 80' lang='grc' dir='ltr'>τὰ</span> <span class='ocrx_word' id='word_1_188' title='bbox 1120 2371 1210 2444; x_wconf 78' lang='grc' dir='ltr'>ἀληθῆ</span> <span class='ocrx_word' id='word_1_189' title='bbox 1228 2371 1350 2452; x_wconf 81' lang='grc' dir='ltr'>πράττειν</span> 
     </span>
     <span class='ocr_line' id='line_1_19' title="bbox 225 2465 1350 2550; baseline -0.002 -24"><span class='ocrx_word' id='word_1_190' title='bbox 225 2471 317 2526; x_wconf 77' lang='grc' dir='ltr'>καὶτὰ</span> <span class='ocrx_word' id='word_1_191' title='bbox 333 2470 473 2550; x_wconf 78' lang='grc' dir='ltr'>πρόσρορα</span> <span class='ocrx_word' id='word_1_192' title='bbox 493 2469 594 2535; x_wconf 73' lang='grc' dir='ltr'>αὐτοῖς·</span> <span class='ocrx_word' id='word_1_193' title='bbox 616 2471 680 2528; x_wconf 86' lang='grc' dir='ltr'>όταν</span> <span class='ocrx_word' id='word_1_194' title='bbox 694 2469 722 2528; x_wconf 75' lang='grc' dir='ltr'>δὲ</span> <span class='ocrx_word' id='word_1_195' title='bbox 742 2475 780 2547; x_wconf 79' lang='grc' dir='ltr'>μὴ</span> <span class='ocrx_word' id='word_1_196' title='bbox 797 2470 876 2536; x_wconf 78' lang='grc' dir='ltr'>εἰδὼς</span> <span class='ocrx_word' id='word_1_197' title='bbox 895 2470 1010 2543; x_wconf 75' lang='grc' dir='ltr'>ἢκσλόν</span> <span class='ocrx_word' id='word_1_198' title='bbox 1029 2472 1047 2542; x_wconf 75' lang='grc' dir='ltr'>ἢ</span> <span class='ocrx_word' id='word_1_199' title='bbox 1065 2471 1177 2549; x_wconf 77' lang='grc' dir='ltr'>ἀγαθὸν,</span> <span class='ocrx_word' id='word_1_200' title='bbox 1199 2465 1296 2536; x_wconf 80' lang='grc' dir='ltr'>δόξας</span> <span class='ocrx_word' id='word_1_201' title='bbox 1317 2465 1350 2524; x_wconf 76' lang='grc' dir='ltr'>δὲ</span> 
     </span>
     <span class='ocr_line' id='line_1_20' title="bbox 225 2557 1350 2649; baseline -0.003 -25"><span class='ocrx_word' id='word_1_202' title='bbox 225 2569 448 2647; x_wconf 87' lang='grc' dir='ltr'>τεθηρεοκὼς,</span> <span class='ocrx_word' id='word_1_203' title='bbox 467 2567 534 2649; x_wconf 84' lang='grc' dir='ltr'>πρὸς</span> <span class='ocrx_word' id='word_1_204' title='bbox 554 2569 640 2634; x_wconf 82' lang='grc' dir='ltr'>πόθος</span> <span class='ocrx_word' id='word_1_205' title='bbox 660 2577 766 2643; x_wconf 84' lang='grc' dir='ltr'>νοῆται,</span> <span class='ocrx_word' id='word_1_206' title='bbox 787 2557 843 2634; x_wconf 82' lang='grc' dir='ltr'>τοῖς</span> <span class='ocrx_word' id='word_1_207' title='bbox 862 2570 957 2648; x_wconf 88' lang='grc' dir='ltr'>λόγοις</span> <span class='ocrx_word' id='word_1_208' title='bbox 978 2568 1140 2648; x_wconf 89' lang='grc' dir='ltr'>θεραπεύων</span> <span class='ocrx_word' id='word_1_209' title='bbox 1158 2565 1282 2637; x_wconf 80' lang='grc' dir='ltr'>τὰπάθη</span> <span class='ocrx_word' id='word_1_210' title='bbox 1302 2570 1350 2622; x_wconf 92' lang='grc' dir='ltr'>τοῦ</span> 
     </span>
    </p>

    <p class='ocr_par' dir='ltr' id='par_1_8' title="bbox 159 2663 1353 2944">
     <span class='ocr_line' id='line_1_21' title="bbox 159 2663 1350 2748; baseline 0.001 -28"><span class='ocrx_word' id='word_1_211' title='bbox 159 2671 194 2720; x_wconf 82' lang='grc'>20</span> <span class='ocrx_word' id='word_1_212' title='bbox 225 2666 361 2739; x_wconf 74' lang='grc' dir='ltr'>πλήθους,</span> <span class='ocrx_word' id='word_1_213' title='bbox 377 2667 438 2726; x_wconf 87' lang='grc' dir='ltr'>τότε</span> <span class='ocrx_word' id='word_1_214' title='bbox 453 2667 506 2724; x_wconf 76' lang='grc' dir='ltr'>ἐστὶ</span> <span class='ocrx_word' id='word_1_215' title='bbox 521 2665 654 2742; x_wconf 80' lang='grc' dir='ltr'>δημώδης</span> <span class='ocrx_word' id='word_1_216' title='bbox 670 2669 771 2748; x_wconf 69' lang='grc' dir='ltr'>ῥητωρ·</span> <span class='ocrx_word' id='word_1_217' title='bbox 787 2668 850 2725; x_wconf 81' lang='grc' dir='ltr'>όταν</span> <span class='ocrx_word' id='word_1_218' title='bbox 862 2666 890 2724; x_wconf 78' lang='grc' dir='ltr'>δὲ</span> <span class='ocrx_word' id='word_1_219' title='bbox 904 2668 972 2746; x_wconf 83' lang='grc' dir='ltr'>πρὸς</span> <span class='ocrx_word' id='word_1_220' title='bbox 989 2667 1062 2738; x_wconf 80' lang='grc' dir='ltr'>πάθη</span> <span class='ocrx_word' id='word_1_221' title='bbox 1079 2664 1146 2744; x_wconf 84' lang='grc' dir='ltr'>λέγη</span> <span class='ocrx_word' id='word_1_222' title='bbox 1161 2665 1208 2730; x_wconf 76' lang='grc' dir='ltr'>τὰς</span> <span class='ocrx_word' id='word_1_223' title='bbox 1223 2663 1350 2744; x_wconf 87' lang='grc' dir='ltr'>δημηγο-</span> 
     </span>
     <span class='ocr_line' id='line_1_22' title="bbox 227 2761 1353 2845; baseline -0.002 -25"><span class='ocrx_word' id='word_1_224' title='bbox 227 2765 300 2844; x_wconf 86' lang='grc' dir='ltr'>ρίας,</span> <span class='ocrx_word' id='word_1_225' title='bbox 321 2766 367 2822; x_wconf 81' lang='grc' dir='ltr'>καὶ</span> <span class='ocrx_word' id='word_1_226' title='bbox 389 2763 460 2840; x_wconf 68' lang='grc' dir='ltr'>μηδὲ</span> <span class='ocrx_word' id='word_1_227' title='bbox 481 2767 621 2845; x_wconf 74' lang='grc' dir='ltr'>θεραπεύῃ</span> <span class='ocrx_word' id='word_1_228' title='bbox 641 2767 676 2823; x_wconf 80' lang='grc' dir='ltr'>τὰ</span> <span class='ocrx_word' id='word_1_229' title='bbox 696 2768 767 2838; x_wconf 77' lang='grc' dir='ltr'>πάθη</span> <span class='ocrx_word' id='word_1_230' title='bbox 789 2771 845 2822; x_wconf 81' lang='grc' dir='ltr'>τῶν</span> <span class='ocrx_word' id='word_1_231' title='bbox 866 2765 1000 2837; x_wconf 79' lang='grc' dir='ltr'>πολιτῶν,</span> <span class='ocrx_word' id='word_1_232' title='bbox 1022 2764 1096 2823; x_wconf 76' lang='grc' dir='ltr'>ἀλλὰ</span> <span class='ocrx_word' id='word_1_233' title='bbox 1116 2763 1185 2820; x_wconf 76' lang='grc' dir='ltr'>κατὰ</span> <span class='ocrx_word' id='word_1_234' title='bbox 1205 2765 1235 2820; x_wconf 88' lang='grc' dir='ltr'>τὸ</span> <span class='ocrx_word' id='word_1_235' title='bbox 1257 2761 1353 2820; x_wconf 86' lang='grc' dir='ltr'>δοκοῦν</span> 
     </span>
     <span class='ocr_line' id='line_1_23' title="bbox 228 2861 1351 2944; baseline -0.003 -25"><span class='ocrx_word' id='word_1_236' title='bbox 228 2864 299 2942; x_wconf 79' lang='grc' dir='ltr'>αὐτῷ</span> <span class='ocrx_word' id='word_1_237' title='bbox 311 2865 357 2920; x_wconf 78' lang='grc' dir='ltr'>καί</span> <span class='ocrx_word' id='word_1_238' title='bbox 370 2865 385 2920; x_wconf 88' lang='grc' dir='ltr'>θ</span> <span class='ocrx_word' id='word_1_239' title='bbox 398 2865 506 2938; x_wconf 79' lang='grc' dir='ltr'>νομίζει</span> <span class='ocrx_word' id='word_1_240' title='bbox 521 2865 598 2943; x_wconf 82' lang='grc' dir='ltr'>ὀρθόν</span> <span class='ocrx_word' id='word_1_241' title='bbox 610 2864 701 2944; x_wconf 78' lang='grc' dir='ltr'>ἀγάγῃ</span> <span class='ocrx_word' id='word_1_242' title='bbox 716 2865 760 2921; x_wconf 85' lang='grc' dir='ltr'>καί</span> <span class='ocrx_word' id='word_1_243' title='bbox 776 2861 819 2920; x_wconf 73' lang='grc' dir='ltr'>διὰ</span> <span class='ocrx_word' id='word_1_244' title='bbox 830 2863 984 2944; x_wconf 74' lang='grc' dir='ltr'>συμμάχων</span> <span class='ocrx_word' id='word_1_245' title='bbox 999 2865 1044 2920; x_wconf 87' lang='grc' dir='ltr'>καὶ</span> <span class='ocrx_word' id='word_1_246' title='bbox 1054 2863 1208 2944; x_wconf 79' lang='grc' dir='ltr'>χρημάτων</span> <span class='ocrx_word' id='word_1_247' title='bbox 1223 2865 1351 2940; x_wconf 89' lang='grc' dir='ltr'>περιποιῇ</span> 
     </span>
    </p>

    <p class='ocr_par' dir='ltr' id='par_1_9' title="bbox 228 2958 1353 3138">
     <span class='ocr_line' id='line_1_24' title="bbox 228 2958 1353 3040; baseline -0.002 -24"><span class='ocrx_word' id='word_1_248' title='bbox 228 2961 268 3025; x_wconf 87' lang='grc' dir='ltr'>ὡς</span> <span class='ocrx_word' id='word_1_249' title='bbox 288 2958 376 3019; x_wconf 77' lang='grc' dir='ltr'>ούεται</span> <span class='ocrx_word' id='word_1_250' title='bbox 392 2963 425 3018; x_wconf 85' lang='grc' dir='ltr'>τδι</span> <span class='ocrx_word' id='word_1_251' title='bbox 444 2961 531 3040; x_wconf 76' lang='grc' dir='ltr'>ἀγαθὰ</span> <span class='ocrx_word' id='word_1_252' title='bbox 550 2967 584 3038; x_wconf 89' lang='grc' dir='ltr'>τῇ</span> <span class='ocrx_word' id='word_1_253' title='bbox 603 2960 696 3034; x_wconf 90' lang='grc' dir='ltr'>πόλει,</span> <span class='ocrx_word' id='word_1_254' title='bbox 712 2963 773 3020; x_wconf 84' lang='grc' dir='ltr'>τότε</span> <span class='ocrx_word' id='word_1_255' title='bbox 790 2962 859 3019; x_wconf 77' lang='grc' dir='ltr'>ἐστίν</span> <span class='ocrx_word' id='word_1_256' title='bbox 878 2964 893 3018; x_wconf 86' lang='grc' dir='ltr'>ό</span> <span class='ocrx_word' id='word_1_257' title='bbox 912 2963 993 3037; x_wconf 86' lang='grc' dir='ltr'>μίσος</span> <span class='ocrx_word' id='word_1_258' title='bbox 1012 2961 1115 3040; x_wconf 75' lang='grc' dir='ltr'>ῥήτωρ,</span> <span class='ocrx_word' id='word_1_259' title='bbox 1134 2963 1172 3017; x_wconf 86' lang='grc' dir='ltr'>ὧν</span> <span class='ocrx_word' id='word_1_260' title='bbox 1191 2959 1293 3018; x_wconf 88' lang='grc' dir='ltr'>τίθεται</span> <span class='ocrx_word' id='word_1_261' title='bbox 1306 2959 1353 3015; x_wconf 80' lang='grc' dir='ltr'>καί</span> 
     </span>
     <span class='ocr_line' id='line_1_25' title="bbox 228 3057 1351 3138; baseline 0 -22"><span class='ocrx_word' id='word_1_262' title='bbox 228 3057 411 3133; x_wconf 83' lang='grc' dir='ltr'>Θεμιστοκλέα</span> <span class='ocrx_word' id='word_1_263' title='bbox 425 3059 469 3114; x_wconf 79' lang='grc' dir='ltr'>καί</span> <span class='ocrx_word' id='word_1_264' title='bbox 486 3059 629 3138; x_wconf 81' lang='grc' dir='ltr'>Περικλέα,</span> <span class='ocrx_word' id='word_1_265' title='bbox 645 3059 694 3116; x_wconf 89' lang='grc' dir='ltr'>οῦκ</span> <span class='ocrx_word' id='word_1_266' title='bbox 708 3059 813 3116; x_wconf 84' lang='grc' dir='ltr'>ἐναντία</span> <span class='ocrx_word' id='word_1_267' title='bbox 828 3058 917 3138; x_wconf 89' lang='grc' dir='ltr'>λέγων</span> <span class='ocrx_word' id='word_1_268' title='bbox 932 3067 989 3123; x_wconf 86' lang='grc' dir='ltr'>τοῖς</span> <span class='ocrx_word' id='word_1_269' title='bbox 1005 3059 1031 3116; x_wconf 85' lang='grc' dir='ltr'>έν</span> <span class='ocrx_word' id='word_1_270' title='bbox 1046 3057 1169 3138; x_wconf 70' lang='grc' dir='ltr'>Γοργίᾳ</span> <span class='ocrx_word' id='word_1_271' title='bbox 1183 3057 1351 3138; x_wconf 79' lang='grc' dir='ltr'>εἰρημένοις.</span> 
     </span>
    </p>
   </div>
   <div class='ocr_carea' id='block_1_5' title="bbox 160 3205 1256 3289">
    <p class='ocr_par' dir='ltr' id='par_1_10' title="bbox 160 3205 1256 3289">
     <span class='ocr_line' id='line_1_26' title="bbox 160 3205 1256 3289; baseline -0.001 -23"><span class='ocrx_word' id='word_1_272' title='bbox 160 3216 195 3266; x_wconf 81' lang='grc'>25</span> <span class='ocrx_word' id='word_1_273' title='bbox 270 3207 345 3289; x_wconf 86' lang='grc' dir='ltr'>ρλβ’.</span> <span class='ocrx_word' id='word_1_274' title='bbox 370 3208 665 3288; x_wconf 77' lang='grc' dir='ltr'>Λελοιδορήκαμεν</span> <span class='ocrx_word' id='word_1_275' title='bbox 685 3211 744 3280; x_wconf 75' lang='grc' dir='ltr'>τὴν</span> <span class='ocrx_word' id='word_1_276' title='bbox 765 3216 829 3266; x_wconf 82' lang='grc' dir='ltr'>τῶν</span> <span class='ocrx_word' id='word_1_277' title='bbox 853 3208 963 3288; x_wconf 88' lang='grc' dir='ltr'>λόγων</span> <span class='ocrx_word' id='word_1_278' title='bbox 984 3205 1114 3289; x_wconf 81' lang='grc' dir='ltr'>τέχνην]</span> <span class='ocrx_word' id='word_1_279' title='bbox 1137 3209 1196 3268; x_wconf 87' lang='grc'>260</span> <span class='ocrx_word' id='word_1_280' title='bbox 1218 3207 1256 3265; x_wconf 88' lang='lat' dir='ltr'>D.</span> 
     </span>
    </p>
   </div>
   <div class='ocr_carea' id='block_1_6' title="bbox 271 3328 1483 3440">
    <p class='ocr_par' dir='ltr' id='par_1_11' title="bbox 271 3328 1483 3440">
     <span class='ocr_line' id='line_1_27' title="bbox 271 3328 1483 3440; baseline -0.002 -24"><span class='ocrx_word' id='word_1_281' title='bbox 271 3361 348 3439; x_wconf 80' lang='grc' dir='ltr'>Λέγει</span> <span class='ocrx_word' id='word_1_282' title='bbox 359 3359 387 3417; x_wconf 77' lang='grc' dir='ltr'>δὲ</span> <span class='ocrx_word' id='word_1_283' title='bbox 400 3362 450 3430; x_wconf 81' lang='grc' dir='ltr'>τὴν</span> <span class='ocrx_word' id='word_1_284' title='bbox 463 3357 580 3435; x_wconf 88' lang='grc' dir='ltr'>δημώδη</span> <span class='ocrx_word' id='word_1_285' title='bbox 596 3360 749 3440; x_wconf 74' lang='grc' dir='ltr'>ῥητορικήν.</span> <span class='ocrx_word' id='word_1_286' title='bbox 763 3360 798 3417; x_wconf 88' lang='grc' dir='ltr'>Τὸ</span> <span class='ocrx_word' id='word_1_287' title='bbox 812 3358 840 3417; x_wconf 74' lang='grc' dir='ltr'>δὲ</span> <span class='ocrx_word' id='word_1_288' title='bbox 855 3362 872 3432; x_wconf 77' lang='grc' dir='ltr'>ἢ</span> <span class='ocrx_word' id='word_1_289' title='bbox 889 3357 917 3416; x_wconf 86' lang='grc' dir='ltr'>δ’</span> <span class='ocrx_word' id='word_1_290' title='bbox 934 3359 1009 3425; x_wconf 75' lang='grc' dir='ltr'>ἴσως</span> <span class='ocrx_word' id='word_1_291' title='bbox 1024 3359 1060 3417; x_wconf 83' lang='grc' dir='ltr'>θν</span> <span class='ocrx_word' id='word_1_292' title='bbox 1075 3356 1175 3435; x_wconf 77' lang='grc' dir='ltr'>τύποι,</span> <span class='ocrx_word' id='word_1_293' title='bbox 1191 3361 1209 3430; x_wconf 75' lang='grc' dir='ltr'>η</span> <span class='ocrx_word' id='word_1_294' title='bbox 1223 3357 1353 3438; x_wconf 80' lang='grc' dir='ltr'>ῥητορικὴ</span> <span class='ocrx_word' id='word_1_295' title='bbox 1421 3328 1430 3336; x_wconf 31' lang='grc' dir='ltr'>ί</span> <span class='ocrx_word' id='word_1_296' title='bbox 1478 3392 1483 3400; x_wconf 90' lang='grc'>-</span> 
     </span>
    </p>
   </div>
   <div class='ocr_carea' id='block_1_7' title="bbox 164 3455 1357 3930">
    <p class='ocr_par' dir='ltr' id='par_1_12' title="bbox 164 3455 1357 3930">
     <span class='ocr_line' id='line_1_28' title="bbox 230 3455 1356 3538; baseline -0.002 -24"><span class='ocrx_word' id='word_1_297' title='bbox 230 3455 367 3529; x_wconf 78' lang='grc' dir='ltr'>δηλονότι·</span> <span class='ocrx_word' id='word_1_298' title='bbox 388 3457 540 3538; x_wconf 87' lang='grc' dir='ltr'>περιτίθησι</span> <span class='ocrx_word' id='word_1_299' title='bbox 558 3463 591 3535; x_wconf 88' lang='grc' dir='ltr'>τῇ</span> <span class='ocrx_word' id='word_1_300' title='bbox 611 3457 726 3534; x_wconf 76' lang='grc' dir='ltr'>ἀληθινῇ</span> <span class='ocrx_word' id='word_1_301' title='bbox 747 3457 879 3538; x_wconf 76' lang='grc' dir='ltr'>ῥητορικῇ</span> <span class='ocrx_word' id='word_1_302' title='bbox 895 3459 958 3524; x_wconf 83' lang='grc' dir='ltr'>τοῦς</span> <span class='ocrx_word' id='word_1_303' title='bbox 977 3457 1073 3537; x_wconf 85' lang='grc' dir='ltr'>λόγους</span> <span class='ocrx_word' id='word_1_304' title='bbox 1095 3458 1140 3516; x_wconf 80' lang='grc' dir='ltr'>καί</span> <span class='ocrx_word' id='word_1_305' title='bbox 1160 3459 1210 3528; x_wconf 72' lang='grc' dir='ltr'>τὴν</span> <span class='ocrx_word' id='word_1_306' title='bbox 1229 3455 1356 3536; x_wconf 87' lang='grc' dir='ltr'>δημηγο-</span> 
     </span>
     <span class='ocr_line' id='line_1_29' title="bbox 231 3540 1356 3636; baseline 0 -26"><span class='ocrx_word' id='word_1_307' title='bbox 231 3553 303 3633; x_wconf 86' lang='grc' dir='ltr'>ρίαν,</span> <span class='ocrx_word' id='word_1_308' title='bbox 325 3552 368 3611; x_wconf 85' lang='grc' dir='ltr'>διόι</span> <span class='ocrx_word' id='word_1_309' title='bbox 389 3562 439 3626; x_wconf 80' lang='grc' dir='ltr'>τῆς</span> <span class='ocrx_word' id='word_1_310' title='bbox 460 3553 683 3633; x_wconf 88' lang='grc' dir='ltr'>προσωποποιίας</span> <span class='ocrx_word' id='word_1_311' title='bbox 708 3554 898 3636; x_wconf 80' lang='grc' dir='ltr'>ίμψυχύτερον</span> <span class='ocrx_word' id='word_1_312' title='bbox 916 3562 1002 3612; x_wconf 84' lang='grc' dir='ltr'>ποιῶν</span> <span class='ocrx_word' id='word_1_313' title='bbox 1025 3540 1186 3633; x_wconf 80' lang='grc' dir='ltr'>τὸνλόγον·</span> <span class='ocrx_word' id='word_1_314' title='bbox 1208 3553 1257 3612; x_wconf 89' lang='grc' dir='ltr'>ούκ</span> <span class='ocrx_word' id='word_1_315' title='bbox 1277 3554 1356 3633; x_wconf 77' lang='grc' dir='ltr'>ἀρκεῖ</span> 
     </span>
     <span class='ocr_line' id='line_1_30' title="bbox 231 3649 1356 3733; baseline -0.002 -24"><span class='ocrx_word' id='word_1_316' title='bbox 231 3653 294 3732; x_wconf 79' lang='grc' dir='ltr'>γὰρ,</span> <span class='ocrx_word' id='word_1_317' title='bbox 311 3654 387 3733; x_wconf 75' lang='grc' dir='ltr'>φησί,</span> <span class='ocrx_word' id='word_1_318' title='bbox 401 3658 497 3731; x_wconf 77' lang='grc' dir='ltr'>γνῶσιν</span> <span class='ocrx_word' id='word_1_319' title='bbox 511 3652 594 3728; x_wconf 87' lang='grc' dir='ltr'>μόνον</span> <span class='ocrx_word' id='word_1_320' title='bbox 609 3649 686 3733; x_wconf 74' lang='grc' dir='ltr'>ἔχειν</span> <span class='ocrx_word' id='word_1_321' title='bbox 699 3659 754 3709; x_wconf 80' lang='grc' dir='ltr'>τῶν</span> <span class='ocrx_word' id='word_1_322' title='bbox 770 3653 949 3731; x_wconf 81' lang='grc' dir='ltr'>πραγμάτων,</span> <span class='ocrx_word' id='word_1_323' title='bbox 966 3651 1039 3712; x_wconf 74' lang='grc' dir='ltr'>ἀλλὰ</span> <span class='ocrx_word' id='word_1_324' title='bbox 1052 3651 1093 3711; x_wconf 81' lang='grc' dir='ltr'>δεῖ</span> <span class='ocrx_word' id='word_1_325' title='bbox 1106 3653 1152 3710; x_wconf 86' lang='grc' dir='ltr'>καί</span> <span class='ocrx_word' id='word_1_326' title='bbox 1167 3654 1266 3732; x_wconf 81' lang='grc' dir='ltr'>τέχνην</span> <span class='ocrx_word' id='word_1_327' title='bbox 1281 3649 1356 3732; x_wconf 78' lang='grc' dir='ltr'>ἔχειν</span> 
     </span>
     <span class='ocr_line' id='line_1_31' title="bbox 164 3749 1356 3830; baseline -0.002 -22"><span class='ocrx_word' id='word_1_328' title='bbox 164 3767 200 3818; x_wconf 80' lang='grc' dir='ltr'>3ο</span> <span class='ocrx_word' id='word_1_329' title='bbox 230 3755 367 3817; x_wconf 88' lang='grc' dir='ltr'>πειθοῦς</span> <span class='ocrx_word' id='word_1_330' title='bbox 390 3749 606 3830; x_wconf 83' lang='grc' dir='ltr'>δημιουργόν·</span> <span class='ocrx_word' id='word_1_331' title='bbox 629 3752 659 3807; x_wconf 84' lang='grc' dir='ltr'>τὸ</span> <span class='ocrx_word' id='word_1_332' title='bbox 680 3749 708 3807; x_wconf 75' lang='grc' dir='ltr'>δὲ</span> <span class='ocrx_word' id='word_1_333' title='bbox 726 3753 835 3815; x_wconf 88' lang='grc' dir='ltr'>πειθοῦς</span> <span class='ocrx_word' id='word_1_334' title='bbox 856 3749 1024 3830; x_wconf 86' lang='grc' dir='ltr'>δημιουργὸν</span> <span class='ocrx_word' id='word_1_335' title='bbox 1044 3751 1093 3808; x_wconf 86' lang='grc' dir='ltr'>οὐκ</span> <span class='ocrx_word' id='word_1_336' title='bbox 1112 3749 1182 3808; x_wconf 84' lang='grc' dir='ltr'>ίδιόν</span> <span class='ocrx_word' id='word_1_337' title='bbox 1200 3750 1253 3808; x_wconf 81' lang='grc' dir='ltr'>ἐστι</span> <span class='ocrx_word' id='word_1_338' title='bbox 1273 3749 1356 3829; x_wconf 82' lang='grc' dir='ltr'>ῥητο-</span> 
     </span>
     <span class='ocr_line' id='line_1_32' title="bbox 234 3849 1357 3930; baseline -0.003 -24"><span class='ocrx_word' id='word_1_339' title='bbox 234 3858 324 3929; x_wconf 82' lang='grc' dir='ltr'>ρικῆς·</span> <span class='ocrx_word' id='word_1_340' title='bbox 346 3849 467 3908; x_wconf 85' lang='grc' dir='ltr'>πείθουσι</span> <span class='ocrx_word' id='word_1_341' title='bbox 482 3850 532 3930; x_wconf 79' lang='grc' dir='ltr'>γὰρ</span> <span class='ocrx_word' id='word_1_342' title='bbox 547 3851 592 3906; x_wconf 81' lang='grc' dir='ltr'>καὶ</span> <span class='ocrx_word' id='word_1_343' title='bbox 606 3851 632 3906; x_wconf 77' lang='grc' dir='ltr'>οἱ</span> <span class='ocrx_word' id='word_1_344' title='bbox 649 3854 783 3928; x_wconf 82' lang='grc' dir='ltr'>τεχνῖται,</span> <span class='ocrx_word' id='word_1_345' title='bbox 800 3849 934 3919; x_wconf 87' lang='grc' dir='ltr'>τέκτονες,</span> <span class='ocrx_word' id='word_1_346' title='bbox 952 3849 1075 3929; x_wconf 68' lang='grc' dir='ltr'>ὑφάνται,</span> <span class='ocrx_word' id='word_1_347' title='bbox 1091 3851 1136 3906; x_wconf 79' lang='grc' dir='ltr'>καὶ</span> <span class='ocrx_word' id='word_1_348' title='bbox 1150 3850 1177 3908; x_wconf 90' lang='grc' dir='ltr'>οί</span> <span class='ocrx_word' id='word_1_349' title='bbox 1192 3849 1295 3924; x_wconf 80' lang='grc' dir='ltr'>ὅμοιοι,</span> <span class='ocrx_word' id='word_1_350' title='bbox 1311 3849 1357 3906; x_wconf 83' lang='grc' dir='ltr'>καὶ</span> 
     </span>
    </p>
   </div>
   <div class='ocr_carea' id='block_1_8' title="bbox 265 4067 1358 4139">
    <p class='ocr_par' dir='ltr' id='par_1_13' title="bbox 265 4067 1358 4139">
     <span class='ocr_line' id='line_1_33' title="bbox 265 4067 1358 4139; baseline -0.007 -11"><span class='ocrx_word' id='word_1_351' title='bbox 265 4073 339 4128; x_wconf 60' lang='grc'>1849</span> <span class='ocrx_word' id='word_1_352' title='bbox 354 4077 427 4133; x_wconf 73' lang='grc' dir='ltr'>δόξας</span> <span class='ocrx_word' id='word_1_353' title='bbox 442 4073 469 4126; x_wconf 82' lang='grc' dir='ltr'>δί</span> <span class='ocrx_word' id='word_1_354' title='bbox 479 4072 634 4139; x_wconf 78' lang='grc' dir='ltr'>τιθηριυιιώς</span> <span class='ocrx_word' id='word_1_355' title='bbox 647 4071 730 4124; x_wconf 73' lang='lat'>2620</span> <span class='ocrx_word' id='word_1_356' title='bbox 776 4071 807 4121; x_wconf 72' lang='grc'>24</span> <span class='ocrx_word' id='word_1_357' title='bbox 822 4069 905 4134; x_wconf 71' lang='lat' dir='ltr'><strong><em>Gory.</em></strong></span> <span class='ocrx_word' id='word_1_358' title='bbox 916 4067 1040 4122; x_wconf 71' lang='lat'>4558111.</span> <span class='ocrx_word' id='word_1_359' title='bbox 1090 4069 1122 4121; x_wconf 80' lang='lat'>³0</span> <span class='ocrx_word' id='word_1_360' title='bbox 1134 4069 1171 4121; x_wconf 72' lang='lat' dir='ltr'>cf</span> <span class='ocrx_word' id='word_1_361' title='bbox 1183 4069 1266 4136; x_wconf 69' lang='lat' dir='ltr'>Gory</span> <span class='ocrx_word' id='word_1_362' title='bbox 1276 4071 1322 4121; x_wconf 77' lang='lat'>45³</span> <span class='ocrx_word' id='word_1_363' title='bbox 1334 4074 1358 4120; x_wconf 81' lang='lat' dir='ltr'>A</span> 
     </span>
    </p>
   </div>
   <div class='ocr_carea' id='block_1_9' title="bbox 234 4189 1360 4336">
    <p class='ocr_par' dir='ltr' id='par_1_14' title="bbox 234 4189 1360 4336">
     <span class='ocr_line' id='line_1_34' title="bbox 267 4189 1360 4268; baseline -0.005 -18"><span class='ocrx_word' id='word_1_364' title='bbox 267 4197 384 4266; x_wconf 78' lang='grc' dir='ltr'>ΝΟῙγ</span> <span class='ocrx_word' id='word_1_365' title='bbox 368 4201 418 4268; x_wconf 74' lang='grc' dir='ltr'>γὰρ</span> <span class='ocrx_word' id='word_1_366' title='bbox 436 4211 492 4248; x_wconf 87' lang='lat' dir='ltr'>om.</span> <span class='ocrx_word' id='word_1_367' title='bbox 513 4195 541 4248; x_wconf 85' lang='lat' dir='ltr'>M</span> <span class='ocrx_word' id='word_1_368' title='bbox 606 4199 762 4265; x_wconf 69' lang='grc' dir='ltr'>ἳεῦρᾶσθαι</span> <span class='ocrx_word' id='word_1_369' title='bbox 782 4195 838 4246; x_wconf 73' lang='grc' dir='ltr'>ΑΕ1</span> <span class='ocrx_word' id='word_1_370' title='bbox 860 4199 905 4258; x_wconf 80' lang='lat' dir='ltr'>(ex</span> <span class='ocrx_word' id='word_1_371' title='bbox 924 4200 1036 4247; x_wconf 66' lang='lat' dir='ltr'>eorrect.</span> <span class='ocrx_word' id='word_1_372' title='bbox 1059 4195 1103 4263; x_wconf 89' lang='grc' dir='ltr'>εύρ</span> <span class='ocrx_word' id='word_1_373' title='bbox 1105 4195 1179 4248; x_wconf 85' lang='grc' dir='ltr'>ασθαι</span> <span class='ocrx_word' id='word_1_374' title='bbox 1196 4198 1230 4257; x_wconf 84' lang='grc' dir='ltr'>Α)</span> <span class='ocrx_word' id='word_1_375' title='bbox 1296 4189 1360 4260; x_wconf 82' lang='grc' dir='ltr'>θγε</span> 
     </span>
     <span class='ocr_line' id='line_1_35' title="bbox 234 4214 1359 4336; baseline -0.005 -14"><span class='ocrx_word' id='word_1_376' title='bbox 234 4283 289 4322; x_wconf 89' lang='lat' dir='ltr'>om.</span> <span class='ocrx_word' id='word_1_377' title='bbox 309 4271 376 4322; x_wconf 83' lang='grc' dir='ltr'>ΡΙει.</span> <span class='ocrx_word' id='word_1_378' title='bbox 400 4269 462 4322; x_wconf 72' lang='grc' dir='ltr'>σου.</span> <span class='ocrx_word' id='word_1_379' title='bbox 484 4267 508 4319; x_wconf 88' lang='grc' dir='ltr'><strong>Β</strong></span> <span class='ocrx_word' id='word_1_380' title='bbox 570 4265 656 4336; x_wconf 78' lang='grc' dir='ltr'>όᾶρ,</span> <span class='ocrx_word' id='word_1_381' title='bbox 677 4265 790 4320; x_wconf 74' lang='grc' dir='ltr'>ἄπιοι.</span> <span class='ocrx_word' id='word_1_382' title='bbox 809 4271 833 4317; x_wconf 83' lang='grc' dir='ltr'>Α</span> <span class='ocrx_word' id='word_1_383' title='bbox 898 4261 918 4319; x_wconf 79' lang='grc' dir='ltr'><strong>ὦ</strong></span> <span class='ocrx_word' id='word_1_384' title='bbox 941 4269 1018 4334; x_wconf 76' lang='grc' dir='ltr'>ἀγαθέ</span> <span class='ocrx_word' id='word_1_385' title='bbox 1040 4214 1110 4318; x_wconf 78' lang='grc' dir='ltr'>ΡΙεί.</span> <span class='ocrx_word' id='word_1_386' title='bbox 1172 4263 1241 4318; x_wconf 69' lang='lat' dir='ltr'>aad</span> <span class='ocrx_word' id='word_1_387' title='bbox 1254 4265 1359 4318; x_wconf 75' lang='grc' dir='ltr'>σείσειε</span> 
     </span>
    </p>
   </div>
   <div class='ocr_carea' id='block_1_10' title="bbox 235 4342 1360 4468">
    <p class='ocr_par' dir='ltr' id='par_1_15' title="bbox 235 4342 1360 4468">
     <span class='ocr_line' id='line_1_36' title="bbox 235 4342 1360 4468; baseline -0.005 -38"><span class='ocrx_word' id='word_1_388' title='bbox 235 4379 255 4430; x_wconf 78' lang='grc'>1’</span> <span class='ocrx_word' id='word_1_389' title='bbox 268 4379 314 4428; x_wconf 95' lang='grc'>77</span> <span class='ocrx_word' id='word_1_390' title='bbox 330 4377 383 4429; x_wconf 79' lang='lat' dir='ltr'>hoo</span> <span class='ocrx_word' id='word_1_391' title='bbox 396 4379 510 4429; x_wconf 76' lang='lat' dir='ltr'><strong>schema</strong></span> <span class='ocrx_word' id='word_1_392' title='bbox 525 4376 598 4428; x_wconf 82' lang='lat' dir='ltr'>rubr.</span> <span class='ocrx_word' id='word_1_393' title='bbox 614 4342 857 4468; x_wconf 49' lang='grc' dir='ltr'>ζίλλῖζονχξξῇῇό]</span> <span class='ocrx_word' id='word_1_394' title='bbox 872 4375 908 4426; x_wconf 75' lang='lat' dir='ltr'>cf.</span> <span class='ocrx_word' id='word_1_395' title='bbox 923 4374 979 4438; x_wconf 87' lang='grc'>220,</span> <span class='ocrx_word' id='word_1_396' title='bbox 990 4376 1030 4424; x_wconf 87' lang='lat'>15·</span> <span class='ocrx_word' id='word_1_397' title='bbox 1033 4375 1064 4426; x_wconf 89' lang='grc'>16</span> <span class='ocrx_word' id='word_1_398' title='bbox 1126 4375 1304 4442; x_wconf 75' lang='grc' dir='ltr'>ἀγροικότερον</span> <span class='ocrx_word' id='word_1_399' title='bbox 1315 4377 1360 4425; x_wconf 78' lang='grc' dir='ltr'>τοῦ</span> 
     </span>
    </p>
   </div>
   <div class='ocr_carea' id='block_1_11' title="bbox 236 4469 1360 4758">
    <p class='ocr_par' dir='ltr' id='par_1_16' title="bbox 236 4469 1359 4613">
     <span class='ocr_line' id='line_1_37' title="bbox 236 4469 1359 4540; baseline -0.005 -12"><span class='ocrx_word' id='word_1_400' title='bbox 236 4477 414 4537; x_wconf 74' lang='grc' dir='ltr'>δίοντοςΡίκῑ,</span> <span class='ocrx_word' id='word_1_401' title='bbox 478 4475 508 4528; x_wconf 90' lang='grc'>11</span> <span class='ocrx_word' id='word_1_402' title='bbox 525 4475 683 4540; x_wconf 75' lang='grc' dir='ltr'>νοητὴνοω.</span> <span class='ocrx_word' id='word_1_403' title='bbox 696 4473 724 4524; x_wconf 87' lang='grc' dir='ltr'><strong>Μ</strong></span> <span class='ocrx_word' id='word_1_404' title='bbox 789 4473 849 4523; x_wconf 75' lang='lat' dir='ltr'>12u</span> <span class='ocrx_word' id='word_1_405' title='bbox 834 4491 904 4538; x_wconf 87' lang='grc' dir='ltr'>ομμα</span> <span class='ocrx_word' id='word_1_406' title='bbox 918 4487 947 4522; x_wconf 81' lang='grc' dir='ltr'>ιιι</span> <span class='ocrx_word' id='word_1_407' title='bbox 958 4485 1088 4538; x_wconf 74' lang='lat' dir='ltr'><strong>marga</strong></span> <span class='ocrx_word' id='word_1_408' title='bbox 1105 4471 1185 4537; x_wconf 86' lang='grc' dir='ltr'>ονομα</span> <span class='ocrx_word' id='word_1_409' title='bbox 1197 4472 1283 4525; x_wconf 68' lang='lat' dir='ltr'><strong>caten</strong></span> <span class='ocrx_word' id='word_1_410' title='bbox 1294 4469 1359 4535; x_wconf 75' lang='lat' dir='ltr'><strong>(lam</strong></span> 
     </span>
     <span class='ocr_line' id='line_1_38' title="bbox 236 4541 1359 4619; baseline -0.007 -19"><span class='ocrx_word' id='word_1_411' title='bbox 236 4555 393 4600; x_wconf 74' lang='lat' dir='ltr'><strong>correxerat</strong></span> <span class='ocrx_word' id='word_1_412' title='bbox 402 4550 469 4605; x_wconf 75' lang='grc' dir='ltr'>Αετὶ</span> <span class='ocrx_word' id='word_1_413' title='bbox 533 4548 564 4598; x_wconf 84' lang='lat'>1³</span> <span class='ocrx_word' id='word_1_414' title='bbox 578 4546 643 4613; x_wconf 74' lang='grc' dir='ltr'>δέος]</span> <span class='ocrx_word' id='word_1_415' title='bbox 659 4549 724 4604; x_wconf 78' lang='grc' dir='ltr'>θείας</span> <span class='ocrx_word' id='word_1_416' title='bbox 740 4547 768 4596; x_wconf 89' lang='grc' dir='ltr'><strong><em>Μ</em></strong></span> <span class='ocrx_word' id='word_1_417' title='bbox 835 4543 1061 4619; x_wconf 74' lang='grc' dir='ltr'>μετίλθηῙιατίλθρ</span> <span class='ocrx_word' id='word_1_418' title='bbox 1075 4547 1113 4593; x_wconf 78' lang='lat' dir='ltr'>A</span> <span class='ocrx_word' id='word_1_419' title='bbox 1175 4541 1359 4608; x_wconf 70' lang='grc' dir='ltr'>111οιείνην111</span> 
     </span>
    </p>

    <p class='ocr_par' dir='ltr' id='par_1_17' title="bbox 237 4614 1360 4758">
     <span class='ocr_line' id='line_1_39' title="bbox 299 4614 1360 4702; baseline -0.006 -32"><span class='ocrx_word' id='word_1_420' title='bbox 299 4619 331 4670; x_wconf 86' lang='grc'>18</span> <span class='ocrx_word' id='word_1_421' title='bbox 350 4621 424 4679; x_wconf 74' lang='grc' dir='ltr'>δόξαν</span> <span class='ocrx_word' id='word_1_422' title='bbox 448 4619 476 4668; x_wconf 88' lang='grc' dir='ltr'><strong><em>Μ</em></strong></span> <span class='ocrx_word' id='word_1_423' title='bbox 526 4619 571 4668; x_wconf 86' lang='grc'>19</span> <span class='ocrx_word' id='word_1_424' title='bbox 593 4621 686 4669; x_wconf 78' lang='grc' dir='ltr'>νοεῖται</span> <span class='ocrx_word' id='word_1_425' title='bbox 709 4621 733 4667; x_wconf 80' lang='grc' dir='ltr'><strong>Α</strong></span> <span class='ocrx_word' id='word_1_426' title='bbox 796 4615 828 4666; x_wconf 77' lang='lat'>22</span> <span class='ocrx_word' id='word_1_427' title='bbox 852 4619 977 4702; x_wconf 77' lang='grc' dir='ltr'>περιποιεῖ</span> <span class='ocrx_word' id='word_1_428' title='bbox 1000 4617 1023 4664; x_wconf 87' lang='grc' dir='ltr'>Α</span> <span class='ocrx_word' id='word_1_429' title='bbox 1087 4614 1117 4665; x_wconf 79' lang='grc'>25</span> <span class='ocrx_word' id='word_1_430' title='bbox 1138 4614 1360 4702; x_wconf 73' lang='grc' dir='ltr'>λιλοιδορίριαμιν</span> 
     </span>
     <span class='ocr_line' id='line_1_40' title="bbox 237 4687 967 4758; baseline -0.01 -16"><span class='ocrx_word' id='word_1_431' title='bbox 237 4689 340 4743; x_wconf 53' lang='lat' dir='ltr'>&amp;rubin</span> <span class='ocrx_word' id='word_1_432' title='bbox 358 4695 382 4741; x_wconf 85' lang='grc' dir='ltr'><strong>Α</strong></span> <span class='ocrx_word' id='word_1_433' title='bbox 446 4689 668 4758; x_wconf 67' lang='grc' dir='ltr'>θθπροσωποιίας</span> <span class='ocrx_word' id='word_1_434' title='bbox 686 4691 710 4738; x_wconf 89' lang='grc' dir='ltr'>Α</span> <span class='ocrx_word' id='word_1_435' title='bbox 774 4687 803 4737; x_wconf 86' lang='grc'>31</span> <span class='ocrx_word' id='word_1_436' title='bbox 821 4687 967 4753; x_wconf 80' lang='grc' dir='ltr'>τεχνίταιΑ</span> 
     </span>
    </p>
   </div>
   <div class='ocr_carea' id='block_1_12' title="bbox 0 0 1840 5690">
    <p class='ocr_par' dir='ltr' id='par_1_18' title="bbox 0 0 1840 5690">
     <span class='ocr_line' id='line_1_41' title="bbox 0 0 1840 5690; baseline 0 0"><span class='ocrx_word' id='word_1_437' title='bbox 0 0 1840 5690; x_wconf 95' lang='lat' dir='ltr'> </span> 
     </span>
    </p>
   </div>
  </div>
 </body>
</html>
