3538 5686
429 531 460 583 22
813 519 953 570 εωιειοι
974 521 1171 574 νιιοειιοοι

347 675 397 742 [69]
471 667 683 747 Προσήκουσά
704 666 740 745 γέ
761 667 827 744 σοι]
851 665 924 732 ίδίως
948 668 996 742 μέν
1017 668 1082 740 αὕτη
1104 675 1143 744 τῷ
1166 669 1302 749 Σωκράτει
1320 673 1493 749 προσήκουσα
1511 672 1545 737 ῶς

430 765 559 846 ἐρωτικῷ,
574 769 669 830 κοινῶς
681 764 709 822 δέ
720 767 764 821 καὶ
778 766 849 822 πᾶσά
862 788 902 830 τις
915 768 990 845 έτέρα
1006 766 1104 845 λογικά,
1120 768 1201 840 άκοη·
1221 769 1306 849 τροφὴ
1322 769 1373 847 γάρ
1391 777 1439 840 τῆς
1457 773 1546 850 ψυχῆς

430 867 457 921 οί
470 862 561 942 λόγοι.
580 863 625 926 Ὠς
640 869 705 941 γοῦν
719 865 801 943 ἰατρῷ
819 866 998 944 προσήκουσιν
1018 867 1045 922 αί
1066 867 1161 946 τροφαί
1183 867 1219 930 εἷς
1236 866 1322 945 κρίσιν
1339 866 1410 930 τίνες
1429 889 1458 924 τε
1480 865 1545 945 βλα-

340 987 365 1040 ρ.
381 972 412 1022 70
430 959 504 1042 όεραί
522 963 527 1042 ]
545 963 589 1019 καί
600 961 666 1026 τίνες
679 961 825 1043 ὠφέλιμοι,
840 963 910 1020 οὕτω
924 965 968 1019 καί
982 969 1021 1037 τῷ
1033 969 1086 1020 τῶν
1100 967 1196 1046 ψυχῶν
1211 965 1293 1044 ἰατρῷ
1311 965 1446 1044 Σωκράτει
1462 969 1479 1036 ί,
1495 971 1547 1022 τῶν

384 1073 398 1122 5
431 1060 522 1140 λόγων
536 1061 605 1132 άκοή
620 1059 688 1125 τίνες
707 1058 820 1133 ἀληθεῖς
842 1063 887 1118 καί
907 1061 976 1126 τίνες
994 1062 1141 1134 άπατηλοί,
1157 1063 1223 1126 τίνες
1243 1063 1380 1142 ἀναγωγαί
1398 1072 1445 1134 τῆς
1459 1067 1548 1145 ψυχῆς

430 1161 475 1216 καὶ
487 1160 554 1224 τίνες
565 1159 731 1238 καταγωγοί.
748 1159 778 1217 Τί
797 1157 842 1232 δές
864 1161 927 1241 οόχί
945 1162 990 1217 καί
1007 1164 1090 1235 ἡμεῖς
1109 1159 1153 1241 ἀφ’
1173 1163 1274 1218 ἑαυτῶν
1291 1161 1352 1225 τοὺς
1371 1161 1489 1239 ἀγαθοὺς
1507 1161 1547 1218 οἵ·

430 1257 524 1334 δαμεν,
545 1257 612 1314 όπου
629 1279 660 1336 γε
679 1257 773 1315 καὶτὰ
793 1255 882 1335 άλογα
905 1260 961 1331 ζῷα
980 1256 1084 1315 οἴδασιν
1102 1256 1146 1340 ἀφ’
1166 1259 1267 1314 έαυτῶν
1286 1258 1316 1315 οὗ
1337 1259 1417 1332 μόνον
1435 1260 1502 1325 τίνες
1521 1261 1547 1315 αί

433 1352 566 1436 βλαθεραί
589 1356 698 1434 βοτάναι
715 1357 760 1412 καί
779 1357 845 1421 τίνες
864 1359 891 1412 αί
912 1356 1059 1437 ὠφέλιμοι,
1080 1357 1153 1414 ἀλλὰ
1171 1358 1216 1413 καί
1233 1356 1299 1414 ποία
1320 1357 1390 1432 ποίῳ
1406 1358 1487 1414 πάθει
1505 1359 1549 1414 καὶ

430 1453 497 1526 ποίᾳ
517 1453 632 1512 διαθέσει
650 1457 694 1511 καί
712 1453 773 1511 καθ’
792 1457 822 1512 δν
840 1456 931 1534 καιρὸν
948 1457 1102 1536 χρήσιμος
1121 1453 1156 1511 Ἢ
1177 1453 1218 1512 ἐπ’
1237 1455 1347 1520 ἐκείνοις
1365 1458 1447 1535 κρίσις
1464 1456 1549 1534 λόγου

369 1563 401 1615 10
432 1553 481 1609 οόκ
501 1551 566 1625 ἔστι,
593 1553 661 1628 μόνη
687 1551 715 1610 δέ
738 1555 810 1632 όρμτ]
835 1555 932 1634 φυσικὴ
957 1551 1059 1632 ἄλογος
1084 1555 1262 1628 οἱκονομοῦσα
1284 1555 1314 1610 τό
1338 1555 1472 1635 συμφέρον
1495 1561 1550 1620 τοῖς
1604 1563 1608 1572 ’

433 1652 522 1726 ζῴοις,
544 1650 585 1733 ἐφ’
605 1655 673 1726 ἡμῖν
694 1650 721 1708 δέ
744 1649 826 1730 λόγος
845 1653 889 1708 καί
907 1651 1002 1732 κρίσις·
1020 1652 1087 1709 ὅπου
1102 1651 1129 1709 δέ
1144 1651 1239 1731 κρίσις,
1261 1651 1318 1709 ἐκεῖ
1335 1653 1381 1708 καί
1399 1653 1486 1725 ἀπάτη
1506 1655 1550 1709 καί

433 1748 577 1830 διαμαρτία
591 1755 637 1807 τοῦ
653 1748 804 1830 ὠφελίμου.
823 1751 894 1816 Τίνες
910 1756 975 1829 γοῦν
994 1747 1114 1826 ἔμελλον
1129 1750 1270 1830 ἐπανάγειν
1283 1751 1345 1816 τοὺς
1358 1751 1549 1827 ἠπατημένους

433 1847 477 1928 (οὐ
492 1850 542 1928 γάρ
558 1847 633 1906 αότοί
647 1848 778 1928 ἑαυτούς),
792 1851 815 1906 εί
833 1851 871 1924 μὴ
890 1851 916 1906 οί
931 1849 1025 1914 καλῶς
1041 1847 1146 1931 ἔχοντες
1162 1851 1276 1906 καὶτῶν
1293 1851 1421 1907 τοιοότων
1440 1850 1551 1922 ἔπεστι]-

435 1966 531 2023 μονες;
550 1952 617 2012 Νοῦς
634 1944 662 2004 δέ
678 1947 780 2004 ναίκαὶ
797 1945 880 2026 λόγος
897 1944 975 2025 λόγῳ
990 1945 1134 2012 ἐνδιάθετος
1150 1945 1289 2022 ένδιαθέτιρ
1306 1953 1366 2011 πῶς
1382 1947 1507 2027 ἐμίγνυτο
1521 1947 1551 2005 δν

371 2056 401 2114 15
433 2047 514 2118 τόσης
535 2043 617 2118 οόσης
637 2046 810 2127 παχότητος;
832 2046 880 2122 At}
900 2051 978 2102 τοῦτο
1003 2044 1085 2125 λόγος
1104 2045 1181 2118 ἐδόθη
1205 2047 1219 2102 ὁ
1243 2046 1414 2128 προφορικός·
1440 2046 1499 2103 καθ’
1522 2048 1551 2104 ’όν

433 2145 530 2230 τρόπον
543 2147 588 2201 καί
599 2148 617 2216 ἡ
630 2149 684 2200 τῶν
695 2144 833 2224 παρόντων
848 2141 939 2224 λόγων
951 2145 1019 2214 ιὐιοὴ
1033 2151 1071 2218 τῷ
1088 2145 1224 2224 Σωκράτει
1238 2148 1422 2226 προσήκουσα.

473 2310 513 2383 η’.
529 2310 563 2368 Ὦ
588 2313 754 2390 γενναῖος]
777 2310 835 2370 227
856 2307 891 2368 C.

474 2443 580 2515 ἘπειδίΙ
605 2435 755 2523 παράδοξος
775 2444 808 2515 ἦν
833 2445 850 2513 ἡ
879 2441 1014 2511 ὑπόθεσις,
1040 2441 1081 2497 ότι
1106 2441 1146 2499 δεῖ
1171 2443 1209 2518 μή
1236 2442 1328 2522 έρῶντι
1350 2441 1511 2526 χαρίζεσθαι
1533 2443 1550 2512 ἢ

435 2545 528 2626 ἐρῶντι
542 2543 578 2622 (τί
592 2545 643 2622 γάρ
658 2543 703 2599 καί
720 2540 804 2598 δεῖται
818 2543 832 2596 ὁ
849 2543 887 2616 μὴ
904 2541 971 2620 ἐρῶν
984 2539 1028 2597 ’ίνα
1045 2540 1116 2614 αὐτῷ
1132 2540 1306 2622 χαρίζηταη]
1327 2540 1370 2598 διίι
1382 2547 1461 2599 τοῦτο
1478 2541 1552 2621 λέγει

373 2658 405 2712 20
437 2647 451 2705 θ
468 2643 622 2724 Σωκράτης·
641 2667 656 2696 «
674 2643 696 2700 εί
711 2641 783 2706 θ’λως
801 2640 874 2698 θέλει
887 2632 1046 2720 παραδόξοις
1059 2641 1211 2697 ὑποθέσεσιν
1230 2643 1287 2715 ἅμα
1306 2642 1350 2696 καί
1364 2639 1553 2722 κοινωφελέσιν

437 2743 580 2823 ἐγχειρεῖν,
601 2743 725 2821 γραφέτω
742 2738 848 2815 μάλλον
867 2740 906 2802 ὡς
925 2741 979 2820 χρὴ
997 2737 1090 2810 πένητι
1103 2737 1294 2818 χαρίζεσθαιῆ
1314 2737 1449 2814 πλουσίῳ·
1469 2739 1553 2820 παρά·

437 2841 512 2908 δοξον
526 2841 576 2920 γάρ
592 2839 637 2896 καί
651 2845 740 2898 τοῦτο.
757 2837 905 2914 Νομίζουσι
919 2839 970 2917 γάρ
984 2843 1040 2902 τοῖς
1053 2837 1193 2901 πλουσίοις
1208 2835 1314 2912 μᾶλλον
1329 2836 1383 2894 δεῖν
1395 2839 1554 2919 χαρίζεσθαι

438 2939 508 3020 ι’]περ
522 2945 578 3004 τοῖς
592 2937 698 3010 πένησι.
714 2937 799 2994 Πάλιν
813 2934 904 3008 ἐπειδὴ
921 2935 1210 3016 εθκαταφρονητότερον
1226 2941 1272 2993 τοῦ
1287 2935 1346 2992 νέου
1361 2938 1375 2994 ὀ
1389 2931 1552 3017 πρεσθότης,

439 3038 481 3096 διὰ
492 3043 570 3095 τοῦτο
588 3037 618 3094 τὸ
637 3027 785 3116 παράδοξον
803 3031 856 3092 ἔδει
875 3035 984 3114 γράφειν
1003 3034 1041 3096 ὡς
1060 3029 1230 3114 πρεσόυτέριρ
1247 3034 1389 3116 χαριστέον
1409 3032 1516 3110 μάλλον
1535 3035 1552 3105 ἢ

377 3153 407 3204 25
439 3139 569 3216 νεωτέρῳ,
585 3134 716 3193 τουτέστιν
734 3133 784 3190 όσα
803 3133 864 3208 ἐμοὶ
885 3139 924 3206 τῷ
944 3133 1080 3211 Σωκράτει
1102 3133 1229 3214 ὑπάρχει.
1252 3133 1302 3189 Καὶ
1324 3135 1375 3212 γάρ
1396 3133 1476 3205 πένης
1499 3133 1554 3208 είμί

439 3237 485 3294 καί
506 3230 665 3315 πρεσόότης·
688 3234 734 3290 καί
753 3235 839 3296 οὕτως
860 3231 890 3289 θν
908 3230 1034 3312 ὠφέλησε
1056 3229 1162 3306 μάλλον
1182 3234 1199 3302 ί,
1220 3225 1368 3310 παράδοξος
1389 3231 1512 3296 1έιιόθεσις
1533 3233 1555 3289 εί

442 3335 502 3409 ἐμοὶ
516 3332 579 3397 τοὺς
593 3330 667 3394 νέους
682 3330 830 3410 ἐπέτρεψεν,
847 3331 876 3394 δς
891 3331 935 3386 καί
948 3328 1030 3402 πένης
1048 3329 1103 3403 εἶμί
1120 3329 1166 3385 καί
1182 3325 1341 3408 πρεσόότης.
1361 3329 1410 3384 Καὶ
1429 3330 1512 3394 οὕτως
1527 3327 1555 3386 δέ

441 3430 533 3502 ἐπειδὴ
547 3433 573 3487 οί
587 3429 712 3487 πλοόσιοι
727 3425 906 3509 ὑόριστότεροί
922 3429 971 3485 εἶσι
989 3433 1042 3484 τῶν
1056 3429 1178 3498 πενήτων
1196 3427 1241 3484 καὶ
1259 3429 1285 3484 οί
1305 3426 1359 3484 νέοι
1376 3433 1430 3484 τῶν
1444 3423 1555 3508 προσδυ-

441 3530 534 3610 τέρων,
561 3529 604 3586 έάν
627 3529 718 3608 γράψῃ
744 3531 812 3604 μήτε
835 3534 892 3591 τοῖς
912 3526 1052 3590 πλουσίοις
1074 3526 1231 3606 χαρίζεσθαι
1252 3528 1321 3601 μήτε
1345 3532 1402 3589 τοῖς
1427 3527 1505 3596 νέοις,
1531 3528 1556 3582 οἳ

380 3643 411 3696 30
441 3629 487 3686 καὶ
505 3623 682 3708 όδριστότεροί
700 3627 774 3698 εἰσιν,
790 3625 864 3684 ἀλλὰ
882 3624 988 3702 μᾶλλον
1003 3631 1061 3689 τοῖς
1077 3625 1171 3694 πένησι
1189 3626 1234 3680 καί
1254 3620 1450 3704 πρεσόυτέροις,
1469 3626 1495 3680 οἳ
1512 3625 1557 3680 καί

443 3725 649 3808 σωφρονέστεροί
667 3727 727 3797 είσι,
744 3724 851 3801 μᾶλλον
867 3727 940 3804 [γὰρ]
957 3723 987 3781 θν
1001 3722 1126 3804 ὠφέλησε
1140 3723 1189 3792 τὴν
1203 3721 1283 3780 πόλιν
1298 3722 1421 3785 καὶτοὺς
1436 3721 1521 3785 νέους.
1540 3746 1555 3776 υ

483 3823 571 3901 Εόθε]
591 3824 619 3881 '0
635 3826 682 3900 μέν
697 3824 842 3904 Σωκράτης
862 3821 993 3902 διασύρων
1008 3823 1083 3901 λέγει
1093 3827 1171 3878 τουτο
1187 3821 1284 3878 ῶσανεί
1297 3821 1342 3877 καί
1357 3821 1458 3878 τούτων
1476 3817 1557 3876 όντων

443 3923 571 3982 τοιούτων
590 3920 755 4002 παραδόξων·
779 3921 809 3978 οὐ
828 3921 903 3979 δοκεῖ
921 3920 949 3978 δὲ
967 3921 1000 3977 τά
1017 3927 1126 3977 τοιαῦτα
1144 3921 1211 3999 πρὸς
1230 3921 1279 3989 τὴν
1295 3916 1374 3976 θέσιν
1393 3923 1441 3975 τοῦ
1461 3919 1557 3975 Λυσίου

445 4021 580 4090 έξισάζειν·
602 4024 616 4078 ό
637 4022 688 4101 γάρ
709 4020 806 4086 Λυσίας
828 4026 866 4096 τῷ
891 4019 939 4094 μέν
966 4021 1004 4095 μή
1029 4019 1121 4098 ἐρῶντι
1145 4017 1218 4097 λέγει
1240 4019 1398 4099 χαρίζεσθαι
1422 4017 1458 4082 ῶς
1479 4015 1559 4088 δῆθεν

476 4217 538 4268 TIT
554 4217 569 4266 θ
584 4217 685 4284 ἀπορία.
700 4211 770 4273 λάσις
786 4219 809 4266 Α

477 4336 551 4388 Nc1
567 4335 749 4404 Προσῆκονσα,
764 4353 782 4384 π
796 4332 870 4382 rubr.
883 4335 926 4381 A:
945 4331 974 4380 in
991 4329 1113 4394 margine
1125 4327 1236 4378 stellula
1254 4327 1336 4376 rubra
1401 4328 1442 4391 μέν
1457 4339 1513 4376 om.
1529 4327 1556 4374 M

508 4408 524 4457 8
538 4412 564 4459 a!
578 4409 640 4457 ante
654 4408 772 4472 ὠφέλιμοι
789 4415 844 4454 om.
865 4403 892 4452 M
957 4400 1027 4462 ποία]
1043 4405 1103 4452 ποῖα
1117 4399 1146 4450 Μ
1211 4398 1226 4448 9
1245 4396 1378 4466 χρήσιμος]
1394 4397 1514 4464 χρήσιμοι
1530 4397 1557 4446 Μ

509 4481 590 4546 κρίσις
603 4480 680 4543 λόγου
692 4489 698 4526 :
713 4476 775 4526 (ort.
789 4477 870 4540 κρίσις
880 4472 969 4538 λογικι]
981 4470 1027 4521 vel
1038 4473 1118 4537 κρίσις
1129 4470 1251 4535 (μετὰ)
1264 4473 1341 4534 λόγου
1405 4468 1434 4518 17
1450 4461 1469 4518 ὦ
1484 4469 1558 4517 rubr.

449 4555 473 4600 Α
490 4552 521 4610 Ιῶ
541 4548 622 4609 plat.)
685 4546 716 4597 19
735 4541 873 4614 χαρίζηται]
893 4546 1025 4610 χαρίσηται
1047 4541 1074 4590 Μ
1138 4541 1167 4590 21
1187 4539 1317 4608 ἐγχειρεῖν]
1337 4543 1447 4607 ἑγχερείν
1469 4539 1496 4587 Μ

449 4618 480 4669 22
494 4617 554 4683 δεῖν]
569 4620 606 4669 δεῖ
618 4617 646 4667 Μ
710 4616 740 4666 27
754 4611 895 4682 ἐπέτρεψεν]
911 4615 1046 4679 ἐπιτρέψειε
1064 4611 1091 4660 Μ
1156 4610 1187 4662 29
1200 4610 1286 4692 γράψη
1301 4609 1348 4661 M:
1363 4609 1458 4680 γράψαι
1474 4613 1496 4658 Α

450 4690 479 4741 ³1
493 4691 542 4760 γὰρ
556 4688 656 4740 seclusi
718 4686 819 4749 Met,
840 4687 863 4741 εἴ
880 4683 954 4736 rubr.
972 4687 1014 4734 A:
1034 4682 1139 4742 εἴθενΜ
1220 4683 1222 4687 “
